timestamp;buyer;seller;symbol;currency;price;quantity
100;;SUBMISSION;RAINFOREST_RESIN;SEASHELLS;10002;1
100;;;KELP;SEASHELLS;2034;1
200;;;KELP;SEASHELLS;2035;1
200;;SUBMISSION;RAINFOREST_RESIN;SEASHELLS;10003;1
200;;;SQUID_INK;SEASHELLS;1835;1
300;;;KELP;SEASHELLS;2034;1
300;;;SQUID_INK;SEASHELLS;1836;1
500;;;KELP;SEASHELLS;2034;1
500;;;SQUID_INK;SEASHELLS;1836;1
600;SUBMISSION;;KELP;SEASHELLS;2033;9
600;;;KELP;SEASHELLS;2033;5
600;;;SQUID_INK;SEASHELLS;1834;5
700;;;SQUID_INK;SEASHELLS;1834;1
700;;;KELP;SEASHELLS;2032;1
800;SUBMISSION;;RAINFOREST_RESIN;SEASHELLS;9997;1
800;;;KELP;SEASHELLS;2032;1
800;;;SQUID_INK;SEASHELLS;1836;1
900;SUBMISSION;;RAINFOREST_RESIN;SEASHELLS;9998;11
900;;SUBMISSION;KELP;SEASHELLS;2034;15
1200;;;SQUID_INK;SEASHELLS;1839;1
1200;SUBMISSION;;KELP;SEASHELLS;2032;1
1300;;SUBMISSION;RAINFOREST_RESIN;SEASHELLS;10002;1
1400;;;SQUID_INK;SEASHELLS;1842;6
1500;;;SQUID_INK;SEASHELLS;1844;1
1500;;SUBMISSION;KELP;SEASHELLS;2034;1
1500;SUBMISSION;;RAINFOREST_RESIN;SEASHELLS;9998;4
1900;;;KELP;SEASHELLS;2032;1
2200;SUBMISSION;;RAINFOREST_RESIN;SEASHELLS;9998;4
2600;;;RAINFOREST_RESIN;SEASHELLS;10002;4
2600;;SUBMISSION;RAINFOREST_RESIN;SEASHELLS;10002;1
3000;;;SQUID_INK;SEASHELLS;1850;1
3000;;;KELP;SEASHELLS;2034;1
3100;;;RAINFOREST_RESIN;SEASHELLS;9998;1
3200;;;RAINFOREST_RESIN;SEASHELLS;10002;5
3200;;SUBMISSION;RAINFOREST_RESIN;SEASHELLS;10002;2
3300;;SUBMISSION;RAINFOREST_RESIN;SEASHELLS;10002;1
3700;;;RAINFOREST_RESIN;SEASHELLS;9998;1
4000;;;SQUID_INK;SEASHELLS;1854;1
4000;;SUBMISSION;RAINFOREST_RESIN;SEASHELLS;10002;1
4000;;;KELP;SEASHELLS;2032;1
4200;;SUBMISSION;RAINFOREST_RESIN;SEASHELLS;10002;5
4300;;;KELP;SEASHELLS;2032;2
4300;;;SQUID_INK;SEASHELLS;1854;2
5200;;;SQUID_INK;SEASHELLS;1859;5
5200;;;KELP;SEASHELLS;2033;5
5200;;;SQUID_INK;SEASHELLS;1859;4
5200;SUBMISSION;;KELP;SEASHELLS;2033;4
5300;SUBMISSION;;RAINFOREST_RESIN;SEASHELLS;9998;12
5400;;SUBMISSION;RAINFOREST_RESIN;SEASHELLS;10004;1
5400;;;KELP;SEASHELLS;2035;1
5400;;;SQUID_INK;SEASHELLS;1860;1
5500;;;KELP;SEASHELLS;2032;8
5500;;SUBMISSION;RAINFOREST_RESIN;SEASHELLS;10003;2
6200;;;SQUID_INK;SEASHELLS;1861;1
6200;;;KELP;SEASHELLS;2034;1
6300;;;KELP;SEASHELLS;2035;11
6300;;;SQUID_INK;SEASHELLS;1862;11
6600;;;KELP;SEASHELLS;2032;7
6600;;;SQUID_INK;SEASHELLS;1860;7
6700;;SUBMISSION;RAINFOREST_RESIN;SEASHELLS;10003;1
6700;;;SQUID_INK;SEASHELLS;1861;1
6700;;;KELP;SEASHELLS;2034;1
6800;;;KELP;SEASHELLS;2032;1
6800;;;SQUID_INK;SEASHELLS;1859;1
7100;SUBMISSION;;RAINFOREST_RESIN;SEASHELLS;9998;5
7200;SUBMISSION;;RAINFOREST_RESIN;SEASHELLS;9997;7
7200;;;RAINFOREST_RESIN;SEASHELLS;10002;1
7400;;SUBMISSION;KELP;SEASHELLS;2034;13
7400;;SUBMISSION;RAINFOREST_RESIN;SEASHELLS;10002;1
7400;;;SQUID_INK;SEASHELLS;1862;13
7600;;SUBMISSION;RAINFOREST_RESIN;SEASHELLS;10002;1
8000;;;KELP;SEASHELLS;2034;1
8000;;;SQUID_INK;SEASHELLS;1858;1
8200;;;SQUID_INK;SEASHELLS;1857;1
8200;SUBMISSION;;RAINFOREST_RESIN;SEASHELLS;9997;1
8200;SUBMISSION;;KELP;SEASHELLS;2033;1
9100;SUBMISSION;;RAINFOREST_RESIN;SEASHELLS;9998;1
9100;;SUBMISSION;RAINFOREST_RESIN;SEASHELLS;10002;11
9300;;SUBMISSION;RAINFOREST_RESIN;SEASHELLS;10002;11
9400;;SUBMISSION;RAINFOREST_RESIN;SEASHELLS;10002;1
9500;;SUBMISSION;RAINFOREST_RESIN;SEASHELLS;10002;1
9700;;;RAINFOREST_RESIN;SEASHELLS;10002;1
10100;;SUBMISSION;RAINFOREST_RESIN;SEASHELLS;10002;4
10300;;SUBMISSION;RAINFOREST_RESIN;SEASHELLS;10003;1
10300;;SUBMISSION;KELP;SEASHELLS;2035;1
10300;;;SQUID_INK;SEASHELLS;1861;1
10600;;;KELP;SEASHELLS;2033;4
10600;;;SQUID_INK;SEASHELLS;1857;4
10700;SUBMISSION;;RAINFOREST_RESIN;SEASHELLS;9998;3
10800;;;SQUID_INK;SEASHELLS;1857;6
10800;SUBMISSION;;KELP;SEASHELLS;2034;12
11800;;;KELP;SEASHELLS;2033;4
11800;;;SQUID_INK;SEASHELLS;1858;4
11900;;SUBMISSION;RAINFOREST_RESIN;SEASHELLS;10002;1
12100;SUBMISSION;;RAINFOREST_RESIN;SEASHELLS;9998;8
12400;;SUBMISSION;RAINFOREST_RESIN;SEASHELLS;10002;1
12700;;SUBMISSION;RAINFOREST_RESIN;SEASHELLS;10002;1
12700;;;RAINFOREST_RESIN;SEASHELLS;10002;1
13100;;;SQUID_INK;SEASHELLS;1852;2
13100;;;KELP;SEASHELLS;2033;2
13200;;SUBMISSION;KELP;SEASHELLS;2034;1
13300;;SUBMISSION;RAINFOREST_RESIN;SEASHELLS;10002;2
13700;;SUBMISSION;RAINFOREST_RESIN;SEASHELLS;10002;1
13900;;;SQUID_INK;SEASHELLS;1849;3
14000;;;RAINFOREST_RESIN;SEASHELLS;9998;1
14000;;;KELP;SEASHELLS;2032;1
14000;;SUBMISSION;RAINFOREST_RESIN;SEASHELLS;10002;6
14000;;;SQUID_INK;SEASHELLS;1852;1
14100;;;KELP;SEASHELLS;2032;15
14100;;;SQUID_INK;SEASHELLS;1851;15
14400;;;SQUID_INK;SEASHELLS;1853;2
14400;;;SQUID_INK;SEASHELLS;1853;1
14400;;;KELP;SEASHELLS;2032;1
14400;;SUBMISSION;RAINFOREST_RESIN;SEASHELLS;10002;4
14400;SUBMISSION;;RAINFOREST_RESIN;SEASHELLS;9998;2
14400;SUBMISSION;;KELP;SEASHELLS;2033;2
14600;;;KELP;SEASHELLS;2033;1
14600;;;SQUID_INK;SEASHELLS;1849;1
14800;SUBMISSION;;RAINFOREST_RESIN;SEASHELLS;9998;1
14900;;SUBMISSION;KELP;SEASHELLS;2034;4
15000;;;SQUID_INK;SEASHELLS;1849;1
15000;;;KELP;SEASHELLS;2032;1
15100;SUBMISSION;;RAINFOREST_RESIN;SEASHELLS;9998;1
15500;SUBMISSION;;RAINFOREST_RESIN;SEASHELLS;9998;11
15800;;;SQUID_INK;SEASHELLS;1854;2
15800;;SUBMISSION;KELP;SEASHELLS;2035;2
15800;;SUBMISSION;RAINFOREST_RESIN;SEASHELLS;10003;2
15900;SUBMISSION;;KELP;SEASHELLS;2033;3
16100;;;KELP;SEASHELLS;2033;1
16100;;;SQUID_INK;SEASHELLS;1857;2
16200;;;RAINFOREST_RESIN;SEASHELLS;10002;3
16200;;;SQUID_INK;SEASHELLS;1853;1
16200;;;KELP;SEASHELLS;2032;1
16300;SUBMISSION;;RAINFOREST_RESIN;SEASHELLS;9997;2
16500;;;SQUID_INK;SEASHELLS;1849;1
16700;;SUBMISSION;RAINFOREST_RESIN;SEASHELLS;10002;1
17400;;;SQUID_INK;SEASHELLS;1851;2
17400;;SUBMISSION;RAINFOREST_RESIN;SEASHELLS;10002;2
17400;;;KELP;SEASHELLS;2036;2
17400;SUBMISSION;;RAINFOREST_RESIN;SEASHELLS;9998;11
17500;;;SQUID_INK;SEASHELLS;1851;12
17500;;;KELP;SEASHELLS;2036;12
17800;SUBMISSION;;RAINFOREST_RESIN;SEASHELLS;9998;3
17900;SUBMISSION;;RAINFOREST_RESIN;SEASHELLS;9998;1
17900;;;RAINFOREST_RESIN;SEASHELLS;9998;2
17900;;;KELP;SEASHELLS;2035;1
17900;;;RAINFOREST_RESIN;SEASHELLS;9998;1
17900;;;SQUID_INK;SEASHELLS;1849;1
18100;;;SQUID_INK;SEASHELLS;1842;8
18100;SUBMISSION;;KELP;SEASHELLS;2034;8
18200;;;RAINFOREST_RESIN;SEASHELLS;10002;9
18200;;;SQUID_INK;SEASHELLS;1840;1
18200;SUBMISSION;;RAINFOREST_RESIN;SEASHELLS;9997;1
18200;SUBMISSION;;KELP;SEASHELLS;2034;1
18500;;;SQUID_INK;SEASHELLS;1840;1
18500;;;KELP;SEASHELLS;2033;1
18600;;;KELP;SEASHELLS;2033;9
18600;;;SQUID_INK;SEASHELLS;1837;1
18700;;SUBMISSION;RAINFOREST_RESIN;SEASHELLS;10002;1
18900;;SUBMISSION;RAINFOREST_RESIN;SEASHELLS;10002;1
19300;SUBMISSION;;RAINFOREST_RESIN;SEASHELLS;9998;6
19300;;;RAINFOREST_RESIN;SEASHELLS;9998;2
19500;;;SQUID_INK;SEASHELLS;1828;14
19500;;;KELP;SEASHELLS;2033;14
19600;;SUBMISSION;RAINFOREST_RESIN;SEASHELLS;10002;1
19600;;;SQUID_INK;SEASHELLS;1831;11
19600;;SUBMISSION;KELP;SEASHELLS;2035;11
19900;SUBMISSION;;RAINFOREST_RESIN;SEASHELLS;9998;1
19900;SUBMISSION;;RAINFOREST_RESIN;SEASHELLS;9997;7
20000;SUBMISSION;;RAINFOREST_RESIN;SEASHELLS;9998;1
20100;SUBMISSION;;RAINFOREST_RESIN;SEASHELLS;9998;4
20200;;SUBMISSION;RAINFOREST_RESIN;SEASHELLS;10002;1
20300;;SUBMISSION;RAINFOREST_RESIN;SEASHELLS;10002;4
20400;;;KELP;SEASHELLS;2033;3
20400;;SUBMISSION;RAINFOREST_RESIN;SEASHELLS;10002;2
20500;;;KELP;SEASHELLS;2033;8
20500;;;SQUID_INK;SEASHELLS;1833;8
20500;;;KELP;SEASHELLS;2034;2
20500;;;SQUID_INK;SEASHELLS;1834;2
20600;SUBMISSION;;RAINFOREST_RESIN;SEASHELLS;9998;4
20600;;;RAINFOREST_RESIN;SEASHELLS;10002;2
20600;;SUBMISSION;KELP;SEASHELLS;2035;2
20600;;;SQUID_INK;SEASHELLS;1836;2
20700;;;KELP;SEASHELLS;2034;2
20700;SUBMISSION;;KELP;SEASHELLS;2034;9
20700;;;SQUID_INK;SEASHELLS;1837;2
20900;;;SQUID_INK;SEASHELLS;1838;1
20900;;;KELP;SEASHELLS;2033;1
21100;;;KELP;SEASHELLS;2034;2
21100;;;SQUID_INK;SEASHELLS;1836;2
21200;;;KELP;SEASHELLS;2035;1
21200;SUBMISSION;;RAINFOREST_RESIN;SEASHELLS;9998;1
21200;;;SQUID_INK;SEASHELLS;1836;1
21500;;;SQUID_INK;SEASHELLS;1839;2
21500;SUBMISSION;;KELP;SEASHELLS;2033;5
21500;;;KELP;SEASHELLS;2033;2
22100;;;KELP;SEASHELLS;2035;1
22100;;;SQUID_INK;SEASHELLS;1851;1
22200;;SUBMISSION;RAINFOREST_RESIN;SEASHELLS;10002;1
22400;;;RAINFOREST_RESIN;SEASHELLS;10002;1
22500;;;KELP;SEASHELLS;2035;1
22800;;SUBMISSION;RAINFOREST_RESIN;SEASHELLS;10002;1
22800;SUBMISSION;;KELP;SEASHELLS;2034;2
22800;SUBMISSION;;RAINFOREST_RESIN;SEASHELLS;9998;2
22800;;;SQUID_INK;SEASHELLS;1847;2
22900;;SUBMISSION;RAINFOREST_RESIN;SEASHELLS;10002;1
22900;;;KELP;SEASHELLS;2033;1
23000;;;RAINFOREST_RESIN;SEASHELLS;10002;1
23000;;;KELP;SEASHELLS;2035;1
23000;;;SQUID_INK;SEASHELLS;1847;1
23200;;;SQUID_INK;SEASHELLS;1842;1
23200;;;KELP;SEASHELLS;2033;1
23400;;;KELP;SEASHELLS;2033;15
23400;;;SQUID_INK;SEASHELLS;1840;15
23600;;;KELP;SEASHELLS;2033;1
23600;;;SQUID_INK;SEASHELLS;1843;1
24300;;;SQUID_INK;SEASHELLS;1846;1
24300;;SUBMISSION;RAINFOREST_RESIN;SEASHELLS;10002;1
24300;;;KELP;SEASHELLS;2033;1
24500;;;KELP;SEASHELLS;2033;9
24500;;;SQUID_INK;SEASHELLS;1844;9
25000;;SUBMISSION;RAINFOREST_RESIN;SEASHELLS;10002;1
25100;;;RAINFOREST_RESIN;SEASHELLS;9998;1
25400;;SUBMISSION;RAINFOREST_RESIN;SEASHELLS;10002;3
25800;;SUBMISSION;RAINFOREST_RESIN;SEASHELLS;10002;1
25900;;;SQUID_INK;SEASHELLS;1852;2
25900;;SUBMISSION;KELP;SEASHELLS;2035;2
25900;;SUBMISSION;RAINFOREST_RESIN;SEASHELLS;10003;2
26000;;;SQUID_INK;SEASHELLS;1851;1
26000;;;KELP;SEASHELLS;2035;1
26100;;SUBMISSION;RAINFOREST_RESIN;SEASHELLS;10002;1
26200;;SUBMISSION;RAINFOREST_RESIN;SEASHELLS;10002;1
26300;;;RAINFOREST_RESIN;SEASHELLS;10002;4
26300;;;SQUID_INK;SEASHELLS;1848;1
26300;;;KELP;SEASHELLS;2033;1
26600;SUBMISSION;;RAINFOREST_RESIN;SEASHELLS;9998;4
26700;;;SQUID_INK;SEASHELLS;1846;1
26700;;;KELP;SEASHELLS;2035;1
26800;;SUBMISSION;RAINFOREST_RESIN;SEASHELLS;10002;1
27100;;;SQUID_INK;SEASHELLS;1851;1
27100;SUBMISSION;;RAINFOREST_RESIN;SEASHELLS;9998;1
27100;;;KELP;SEASHELLS;2035;1
27200;;;KELP;SEASHELLS;2035;1
27200;;;SQUID_INK;SEASHELLS;1853;1
27300;;;KELP;SEASHELLS;2033;1
27300;;;SQUID_INK;SEASHELLS;1850;1
27400;SUBMISSION;;RAINFOREST_RESIN;SEASHELLS;9998;3
27400;;;RAINFOREST_RESIN;SEASHELLS;9998;6
27800;;;RAINFOREST_RESIN;SEASHELLS;9998;3
28100;;SUBMISSION;RAINFOREST_RESIN;SEASHELLS;10003;3
28500;;;SQUID_INK;SEASHELLS;1847;1
28500;;;KELP;SEASHELLS;2033;1
28600;;;SQUID_INK;SEASHELLS;1848;1
28600;;;KELP;SEASHELLS;2034;5
28600;;;KELP;SEASHELLS;2033;1
28700;;;KELP;SEASHELLS;2033;1
28700;;;SQUID_INK;SEASHELLS;1848;1
29000;;SUBMISSION;RAINFOREST_RESIN;SEASHELLS;10002;1
29300;;;SQUID_INK;SEASHELLS;1851;1
29300;;;KELP;SEASHELLS;2035;1
29400;;;RAINFOREST_RESIN;SEASHELLS;10002;1
29500;;;KELP;SEASHELLS;2033;1
29500;;;SQUID_INK;SEASHELLS;1850;1
29600;;;KELP;SEASHELLS;2034;4
29800;;SUBMISSION;RAINFOREST_RESIN;SEASHELLS;10004;5
29800;;SUBMISSION;KELP;SEASHELLS;2035;1
29900;;;SQUID_INK;SEASHELLS;1857;15
29900;;SUBMISSION;KELP;SEASHELLS;2035;15
30200;SUBMISSION;;RAINFOREST_RESIN;SEASHELLS;9998;1
30300;;SUBMISSION;RAINFOREST_RESIN;SEASHELLS;10002;3
30300;;SUBMISSION;RAINFOREST_RESIN;SEASHELLS;10002;1
30400;;;SQUID_INK;SEASHELLS;1852;3
30400;;;KELP;SEASHELLS;2035;3
30600;;SUBMISSION;RAINFOREST_RESIN;SEASHELLS;10002;1
30600;SUBMISSION;;RAINFOREST_RESIN;SEASHELLS;9998;4
31000;;;RAINFOREST_RESIN;SEASHELLS;10002;1
31000;;;KELP;SEASHELLS;2036;1
31000;;;SQUID_INK;SEASHELLS;1852;1
31100;;;KELP;SEASHELLS;2034;9
31100;;;SQUID_INK;SEASHELLS;1852;1
31100;;;KELP;SEASHELLS;2035;1
31100;;;SQUID_INK;SEASHELLS;1850;9
31100;;SUBMISSION;RAINFOREST_RESIN;SEASHELLS;10002;1
31200;;;SQUID_INK;SEASHELLS;1850;1
31200;;SUBMISSION;RAINFOREST_RESIN;SEASHELLS;10002;6
31200;;;RAINFOREST_RESIN;SEASHELLS;10002;6
31200;;;RAINFOREST_RESIN;SEASHELLS;10002;1
31200;;;KELP;SEASHELLS;2034;1
31400;;;RAINFOREST_RESIN;SEASHELLS;10002;3
31600;SUBMISSION;;RAINFOREST_RESIN;SEASHELLS;9998;3
31600;;;RAINFOREST_RESIN;SEASHELLS;9998;1
31700;;;RAINFOREST_RESIN;SEASHELLS;10002;1
31700;SUBMISSION;;RAINFOREST_RESIN;SEASHELLS;9996;3
32100;;;SQUID_INK;SEASHELLS;1848;2
32100;SUBMISSION;;KELP;SEASHELLS;2034;2
32100;;;RAINFOREST_RESIN;SEASHELLS;9998;2
32500;;;SQUID_INK;SEASHELLS;1848;2
32500;;;SQUID_INK;SEASHELLS;1848;7
32500;;SUBMISSION;KELP;SEASHELLS;2036;9
32500;;SUBMISSION;RAINFOREST_RESIN;SEASHELLS;10002;1
33200;;;SQUID_INK;SEASHELLS;1837;1
33200;;;KELP;SEASHELLS;2036;1
33600;SUBMISSION;;RAINFOREST_RESIN;SEASHELLS;9998;2
33900;;SUBMISSION;RAINFOREST_RESIN;SEASHELLS;10003;12
34000;;;KELP;SEASHELLS;2036;1
34000;;;SQUID_INK;SEASHELLS;1848;1
34200;;;RAINFOREST_RESIN;SEASHELLS;10002;1
34300;;;SQUID_INK;SEASHELLS;1846;1
34300;;;KELP;SEASHELLS;2034;1
34600;;SUBMISSION;KELP;SEASHELLS;2036;14
34600;;;SQUID_INK;SEASHELLS;1849;14
34800;;;KELP;SEASHELLS;2034;10
34800;;;SQUID_INK;SEASHELLS;1846;10
35400;SUBMISSION;;RAINFOREST_RESIN;SEASHELLS;9998;2
35400;;SUBMISSION;RAINFOREST_RESIN;SEASHELLS;10002;1
35700;;SUBMISSION;KELP;SEASHELLS;2036;11
35700;;;SQUID_INK;SEASHELLS;1845;11
36000;;;KELP;SEASHELLS;2035;2
36000;;;SQUID_INK;SEASHELLS;1842;2
36500;;;SQUID_INK;SEASHELLS;1843;1
36500;;;KELP;SEASHELLS;2034;1
36600;;;SQUID_INK;SEASHELLS;1842;2
36600;;;KELP;SEASHELLS;2035;2
36700;;;RAINFOREST_RESIN;SEASHELLS;10002;1
36700;;SUBMISSION;RAINFOREST_RESIN;SEASHELLS;10002;1
37100;;;KELP;SEASHELLS;2037;9
37100;;;SQUID_INK;SEASHELLS;1847;9
37300;SUBMISSION;;RAINFOREST_RESIN;SEASHELLS;9997;3
37600;;;SQUID_INK;SEASHELLS;1845;9
37600;;;KELP;SEASHELLS;2036;1
37600;;SUBMISSION;RAINFOREST_RESIN;SEASHELLS;10003;10
37600;;;KELP;SEASHELLS;2034;9
37600;;;SQUID_INK;SEASHELLS;1847;1
37700;;SUBMISSION;RAINFOREST_RESIN;SEASHELLS;10002;1
37800;;SUBMISSION;RAINFOREST_RESIN;SEASHELLS;10003;2
37800;;SUBMISSION;KELP;SEASHELLS;2036;2
37800;;;SQUID_INK;SEASHELLS;1851;2
38400;;;SQUID_INK;SEASHELLS;1850;2
38400;;;KELP;SEASHELLS;2034;4
38600;;SUBMISSION;RAINFOREST_RESIN;SEASHELLS;10002;1
38700;;;SQUID_INK;SEASHELLS;1850;1
38700;;SUBMISSION;RAINFOREST_RESIN;SEASHELLS;10003;8
38700;;;KELP;SEASHELLS;2034;1
39100;;;SQUID_INK;SEASHELLS;1853;1
39100;;SUBMISSION;KELP;SEASHELLS;2036;1
39100;;SUBMISSION;RAINFOREST_RESIN;SEASHELLS;10002;1
39100;SUBMISSION;;RAINFOREST_RESIN;SEASHELLS;9998;3
39200;;;KELP;SEASHELLS;2035;4
39200;;;SQUID_INK;SEASHELLS;1850;4
39200;SUBMISSION;;RAINFOREST_RESIN;SEASHELLS;9996;2
39200;;;SQUID_INK;SEASHELLS;1849;2
39200;;;KELP;SEASHELLS;2034;2
39700;;;SQUID_INK;SEASHELLS;1849;1
39700;;;KELP;SEASHELLS;2034;1
39800;SUBMISSION;;RAINFOREST_RESIN;SEASHELLS;9998;1
40000;;;SQUID_INK;SEASHELLS;1849;14
40000;;;KELP;SEASHELLS;2034;14
40000;;SUBMISSION;RAINFOREST_RESIN;SEASHELLS;10002;11
40200;;;KELP;SEASHELLS;2036;2
40200;;SUBMISSION;KELP;SEASHELLS;2036;4
40200;;;SQUID_INK;SEASHELLS;1854;6
40300;;SUBMISSION;RAINFOREST_RESIN;SEASHELLS;10002;4
40500;;;KELP;SEASHELLS;2037;13
40500;;;SQUID_INK;SEASHELLS;1854;13
40600;;SUBMISSION;RAINFOREST_RESIN;SEASHELLS;10002;1
40700;;;KELP;SEASHELLS;2036;1
41400;;;KELP;SEASHELLS;2034;5
41400;;;SQUID_INK;SEASHELLS;1855;5
41800;;;KELP;SEASHELLS;2034;1
41800;;;SQUID_INK;SEASHELLS;1857;1
42000;SUBMISSION;;RAINFOREST_RESIN;SEASHELLS;9998;1
42100;;SUBMISSION;RAINFOREST_RESIN;SEASHELLS;10002;1
42400;;;SQUID_INK;SEASHELLS;1859;1
42400;SUBMISSION;;KELP;SEASHELLS;2035;1
42400;SUBMISSION;;RAINFOREST_RESIN;SEASHELLS;9997;1
42500;;;SQUID_INK;SEASHELLS;1861;2
42800;;;KELP;SEASHELLS;2035;2
42800;;;SQUID_INK;SEASHELLS;1859;2
42900;;SUBMISSION;RAINFOREST_RESIN;SEASHELLS;10002;5
43200;SUBMISSION;;RAINFOREST_RESIN;SEASHELLS;9997;3
43600;;;RAINFOREST_RESIN;SEASHELLS;10002;2
43800;;;KELP;SEASHELLS;2037;3
43800;;SUBMISSION;KELP;SEASHELLS;2037;1
43800;;;KELP;SEASHELLS;2037;1
43800;;;SQUID_INK;SEASHELLS;1856;5
43900;;;KELP;SEASHELLS;2037;2
43900;;;RAINFOREST_RESIN;SEASHELLS;10002;2
43900;;;SQUID_INK;SEASHELLS;1852;1
43900;;;KELP;SEASHELLS;2034;1
43900;;;RAINFOREST_RESIN;SEASHELLS;10002;1
43900;;;SQUID_INK;SEASHELLS;1855;2
43900;;;RAINFOREST_RESIN;SEASHELLS;10002;4
44000;;SUBMISSION;RAINFOREST_RESIN;SEASHELLS;10002;4
44300;SUBMISSION;;RAINFOREST_RESIN;SEASHELLS;9998;2
44700;;;KELP;SEASHELLS;2036;1
44700;;;SQUID_INK;SEASHELLS;1851;1
45000;;;KELP;SEASHELLS;2034;1
45000;;;SQUID_INK;SEASHELLS;1847;1
45100;SUBMISSION;;RAINFOREST_RESIN;SEASHELLS;9998;1
45200;;;SQUID_INK;SEASHELLS;1848;1
45200;;;KELP;SEASHELLS;2034;1
45200;;SUBMISSION;RAINFOREST_RESIN;SEASHELLS;10002;1
45300;;;KELP;SEASHELLS;2034;1
45300;;;SQUID_INK;SEASHELLS;1848;1
45500;SUBMISSION;;RAINFOREST_RESIN;SEASHELLS;9998;3
45500;;;KELP;SEASHELLS;2034;1
45500;SUBMISSION;;KELP;SEASHELLS;2034;2
45500;;;SQUID_INK;SEASHELLS;1847;3
45700;;SUBMISSION;RAINFOREST_RESIN;SEASHELLS;10002;1
45900;;;KELP;SEASHELLS;2033;1
45900;;;SQUID_INK;SEASHELLS;1848;1
46000;SUBMISSION;;RAINFOREST_RESIN;SEASHELLS;9998;1
46000;;SUBMISSION;RAINFOREST_RESIN;SEASHELLS;10002;11
46500;;;SQUID_INK;SEASHELLS;1847;2
46500;SUBMISSION;;RAINFOREST_RESIN;SEASHELLS;9998;1
46900;;;SQUID_INK;SEASHELLS;1847;10
46900;;;KELP;SEASHELLS;2033;10
47100;SUBMISSION;;RAINFOREST_RESIN;SEASHELLS;9998;1
47200;;;SQUID_INK;SEASHELLS;1848;1
47200;;;KELP;SEASHELLS;2035;1
47400;;;SQUID_INK;SEASHELLS;1847;2
47400;;;RAINFOREST_RESIN;SEASHELLS;9998;1
47400;;;KELP;SEASHELLS;2035;2
47500;SUBMISSION;;RAINFOREST_RESIN;SEASHELLS;9998;1
47700;SUBMISSION;;KELP;SEASHELLS;2034;10
47700;;;SQUID_INK;SEASHELLS;1845;10
48000;;SUBMISSION;RAINFOREST_RESIN;SEASHELLS;10002;2
48000;;;RAINFOREST_RESIN;SEASHELLS;10002;1
48100;;;SQUID_INK;SEASHELLS;1845;1
48200;;;SQUID_INK;SEASHELLS;1842;1
48200;;;KELP;SEASHELLS;2033;1
48300;;;KELP;SEASHELLS;2034;4
48300;;;SQUID_INK;SEASHELLS;1839;4
48300;;;SQUID_INK;SEASHELLS;1839;1
48300;;;KELP;SEASHELLS;2034;1
48900;;;KELP;SEASHELLS;2033;1
49000;;SUBMISSION;RAINFOREST_RESIN;SEASHELLS;10003;2
49200;;SUBMISSION;RAINFOREST_RESIN;SEASHELLS;10002;3
49800;;;SQUID_INK;SEASHELLS;1835;1
49800;;;SQUID_INK;SEASHELLS;1832;1
49800;;;RAINFOREST_RESIN;SEASHELLS;10002;1
49800;;;KELP;SEASHELLS;2037;1
49800;;;KELP;SEASHELLS;2034;1
50100;;SUBMISSION;RAINFOREST_RESIN;SEASHELLS;10002;4
50100;SUBMISSION;;RAINFOREST_RESIN;SEASHELLS;9998;12
50400;;;SQUID_INK;SEASHELLS;1831;1
50400;;;KELP;SEASHELLS;2034;1
50400;;;KELP;SEASHELLS;2034;2
50400;;;SQUID_INK;SEASHELLS;1831;2
50600;;;SQUID_INK;SEASHELLS;1832;4
50600;;;KELP;SEASHELLS;2035;4
50600;;;KELP;SEASHELLS;2036;1
50600;;;SQUID_INK;SEASHELLS;1833;1
50900;;;KELP;SEASHELLS;2034;1
50900;;;SQUID_INK;SEASHELLS;1831;1
51300;SUBMISSION;;RAINFOREST_RESIN;SEASHELLS;9998;5
51400;;;KELP;SEASHELLS;2036;5
51400;;;SQUID_INK;SEASHELLS;1831;5
51400;;SUBMISSION;KELP;SEASHELLS;2036;5
51500;;;SQUID_INK;SEASHELLS;1829;2
51500;SUBMISSION;;RAINFOREST_RESIN;SEASHELLS;9996;2
51500;;SUBMISSION;KELP;SEASHELLS;2036;4
51500;;;KELP;SEASHELLS;2034;2
51500;;;SQUID_INK;SEASHELLS;1832;4
51600;;;KELP;SEASHELLS;2036;1
51600;;;SQUID_INK;SEASHELLS;1829;1
52000;;;RAINFOREST_RESIN;SEASHELLS;9998;1
52200;;;SQUID_INK;SEASHELLS;1827;1
52200;;;RAINFOREST_RESIN;SEASHELLS;10002;1
52200;SUBMISSION;;KELP;SEASHELLS;2034;1
52400;;SUBMISSION;RAINFOREST_RESIN;SEASHELLS;10002;3
52400;;;RAINFOREST_RESIN;SEASHELLS;10002;4
52600;;;SQUID_INK;SEASHELLS;1834;2
52600;;SUBMISSION;RAINFOREST_RESIN;SEASHELLS;10003;12
52600;;;KELP;SEASHELLS;2034;2
52700;;SUBMISSION;KELP;SEASHELLS;2036;1
52700;;;SQUID_INK;SEASHELLS;1838;1
52800;;;KELP;SEASHELLS;2036;1
53100;SUBMISSION;;RAINFOREST_RESIN;SEASHELLS;9998;5
53200;;SUBMISSION;KELP;SEASHELLS;2036;1
53300;;;SQUID_INK;SEASHELLS;1840;8
53300;SUBMISSION;;KELP;SEASHELLS;2035;8
53400;SUBMISSION;;RAINFOREST_RESIN;SEASHELLS;9998;1
54000;;;RAINFOREST_RESIN;SEASHELLS;10002;1
54100;;;SQUID_INK;SEASHELLS;1841;2
54100;;SUBMISSION;RAINFOREST_RESIN;SEASHELLS;10003;2
54100;;SUBMISSION;KELP;SEASHELLS;2036;2
54200;;;SQUID_INK;SEASHELLS;1840;1
54200;;;KELP;SEASHELLS;2034;1
54300;;;KELP;SEASHELLS;2034;2
54300;SUBMISSION;;RAINFOREST_RESIN;SEASHELLS;9998;2
54300;;SUBMISSION;RAINFOREST_RESIN;SEASHELLS;10002;1
54300;;;SQUID_INK;SEASHELLS;1836;2
54600;;SUBMISSION;RAINFOREST_RESIN;SEASHELLS;10002;2
54700;;SUBMISSION;KELP;SEASHELLS;2036;2
54700;;SUBMISSION;RAINFOREST_RESIN;SEASHELLS;10003;2
54700;;;SQUID_INK;SEASHELLS;1842;2
54700;;SUBMISSION;RAINFOREST_RESIN;SEASHELLS;10003;5
54900;;;KELP;SEASHELLS;2036;1
54900;;;SQUID_INK;SEASHELLS;1841;1
55200;;;KELP;SEASHELLS;2034;1
55200;;;SQUID_INK;SEASHELLS;1838;1
55300;;;KELP;SEASHELLS;2036;1
55300;;;SQUID_INK;SEASHELLS;1838;1
55300;;SUBMISSION;RAINFOREST_RESIN;SEASHELLS;10002;3
55300;;;RAINFOREST_RESIN;SEASHELLS;10002;5
55400;;;RAINFOREST_RESIN;SEASHELLS;9998;6
55900;;;RAINFOREST_RESIN;SEASHELLS;9998;4
56100;SUBMISSION;;RAINFOREST_RESIN;SEASHELLS;9998;1
56500;;;RAINFOREST_RESIN;SEASHELLS;10002;6
56700;;;KELP;SEASHELLS;2034;2
56700;SUBMISSION;;KELP;SEASHELLS;2034;2
56700;;;SQUID_INK;SEASHELLS;1841;2
56700;;;RAINFOREST_RESIN;SEASHELLS;9998;1
57100;;;KELP;SEASHELLS;2036;1
57100;;;RAINFOREST_RESIN;SEASHELLS;9998;1
57300;;;KELP;SEASHELLS;2035;1
57600;;;RAINFOREST_RESIN;SEASHELLS;9998;1
57900;SUBMISSION;;KELP;SEASHELLS;2034;5
57900;;;SQUID_INK;SEASHELLS;1840;5
58000;;;SQUID_INK;SEASHELLS;1843;14
58000;;;KELP;SEASHELLS;2036;1
58000;;SUBMISSION;KELP;SEASHELLS;2036;13
58100;;SUBMISSION;RAINFOREST_RESIN;SEASHELLS;10004;7
58600;;;SQUID_INK;SEASHELLS;1840;1
58600;SUBMISSION;;KELP;SEASHELLS;2034;1
58600;SUBMISSION;;RAINFOREST_RESIN;SEASHELLS;9997;1
58700;SUBMISSION;;RAINFOREST_RESIN;SEASHELLS;9998;1
58800;;;KELP;SEASHELLS;2035;2
58800;;SUBMISSION;RAINFOREST_RESIN;SEASHELLS;10003;2
58800;;;SQUID_INK;SEASHELLS;1839;2
58900;;;RAINFOREST_RESIN;SEASHELLS;10004;2
58900;;;KELP;SEASHELLS;2037;2
58900;;;SQUID_INK;SEASHELLS;1842;2
58900;;;SQUID_INK;SEASHELLS;1841;1
58900;;SUBMISSION;KELP;SEASHELLS;2036;1
59100;;;RAINFOREST_RESIN;SEASHELLS;9998;1
59400;;;RAINFOREST_RESIN;SEASHELLS;10002;1
59600;;;RAINFOREST_RESIN;SEASHELLS;10002;1
59700;;;SQUID_INK;SEASHELLS;1844;1
59700;;;KELP;SEASHELLS;2036;1
59900;;;SQUID_INK;SEASHELLS;1845;2
59900;SUBMISSION;;RAINFOREST_RESIN;SEASHELLS;9997;2
59900;SUBMISSION;;KELP;SEASHELLS;2035;2
60000;SUBMISSION;;RAINFOREST_RESIN;SEASHELLS;9998;3
60400;SUBMISSION;;RAINFOREST_RESIN;SEASHELLS;9997;7
60400;SUBMISSION;;RAINFOREST_RESIN;SEASHELLS;9998;1
60600;;;SQUID_INK;SEASHELLS;1840;1
60600;SUBMISSION;;RAINFOREST_RESIN;SEASHELLS;9997;11
60600;;;KELP;SEASHELLS;2034;1
60700;;SUBMISSION;KELP;SEASHELLS;2036;2
60700;;;SQUID_INK;SEASHELLS;1840;1
60700;;;KELP;SEASHELLS;2034;1
60800;;;KELP;SEASHELLS;2036;1
60800;;;SQUID_INK;SEASHELLS;1842;1
61000;SUBMISSION;;RAINFOREST_RESIN;SEASHELLS;9998;1
61200;;;SQUID_INK;SEASHELLS;1841;3
61200;;;KELP;SEASHELLS;2034;1
61200;;;SQUID_INK;SEASHELLS;1841;1
61200;;;KELP;SEASHELLS;2034;3
61500;;;KELP;SEASHELLS;2036;1
61500;;;SQUID_INK;SEASHELLS;1844;1
61800;;;KELP;SEASHELLS;2034;1
61800;;;SQUID_INK;SEASHELLS;1840;1
61900;SUBMISSION;;KELP;SEASHELLS;2034;9
61900;;;SQUID_INK;SEASHELLS;1840;9
62700;;;KELP;SEASHELLS;2036;6
62700;;;RAINFOREST_RESIN;SEASHELLS;9998;1
62700;;;SQUID_INK;SEASHELLS;1837;15
62700;;SUBMISSION;KELP;SEASHELLS;2036;9
62800;SUBMISSION;;RAINFOREST_RESIN;SEASHELLS;9996;12
62900;;SUBMISSION;RAINFOREST_RESIN;SEASHELLS;10002;11
63100;SUBMISSION;;RAINFOREST_RESIN;SEASHELLS;9998;1
63300;;;RAINFOREST_RESIN;SEASHELLS;10002;1
63300;;SUBMISSION;RAINFOREST_RESIN;SEASHELLS;10002;4
63300;;;KELP;SEASHELLS;2036;1
63300;;;SQUID_INK;SEASHELLS;1837;1
63600;;;KELP;SEASHELLS;2036;1
63600;;;SQUID_INK;SEASHELLS;1838;1
63700;;;KELP;SEASHELLS;2035;7
63700;;;SQUID_INK;SEASHELLS;1836;5
63700;;;KELP;SEASHELLS;2035;5
63800;SUBMISSION;;RAINFOREST_RESIN;SEASHELLS;9998;1
63900;;;SQUID_INK;SEASHELLS;1834;2
64000;SUBMISSION;;RAINFOREST_RESIN;SEASHELLS;9998;1
64000;;;SQUID_INK;SEASHELLS;1831;1
64000;;;KELP;SEASHELLS;2034;1
64000;SUBMISSION;;RAINFOREST_RESIN;SEASHELLS;9998;10
64600;SUBMISSION;;RAINFOREST_RESIN;SEASHELLS;9997;11
64700;;SUBMISSION;RAINFOREST_RESIN;SEASHELLS;10002;1
64800;;;SQUID_INK;SEASHELLS;1838;1
64800;SUBMISSION;;KELP;SEASHELLS;2034;1
64900;SUBMISSION;;RAINFOREST_RESIN;SEASHELLS;9998;4
65000;;SUBMISSION;KELP;SEASHELLS;2036;1
65200;;;SQUID_INK;SEASHELLS;1838;1
65200;;;KELP;SEASHELLS;2034;1
65400;;;KELP;SEASHELLS;2034;2
65400;;;KELP;SEASHELLS;2034;1
65400;;;SQUID_INK;SEASHELLS;1838;1
65400;;;SQUID_INK;SEASHELLS;1838;2
65700;;;KELP;SEASHELLS;2034;1
65700;;;SQUID_INK;SEASHELLS;1837;1
65800;;;RAINFOREST_RESIN;SEASHELLS;10002;1
65800;;SUBMISSION;RAINFOREST_RESIN;SEASHELLS;10002;4
66100;;;SQUID_INK;SEASHELLS;1840;2
66100;;;KELP;SEASHELLS;2037;2
66100;;SUBMISSION;RAINFOREST_RESIN;SEASHELLS;10003;2
66200;;SUBMISSION;RAINFOREST_RESIN;SEASHELLS;10002;1
66300;;;KELP;SEASHELLS;2037;4
66300;;;SQUID_INK;SEASHELLS;1840;4
66500;;;KELP;SEASHELLS;2037;11
66500;;;SQUID_INK;SEASHELLS;1840;11
66600;;SUBMISSION;RAINFOREST_RESIN;SEASHELLS;10002;3
66600;SUBMISSION;;RAINFOREST_RESIN;SEASHELLS;9998;1
66600;;;RAINFOREST_RESIN;SEASHELLS;9998;1
67400;SUBMISSION;;RAINFOREST_RESIN;SEASHELLS;9997;5
67700;;;SQUID_INK;SEASHELLS;1832;3
67800;SUBMISSION;;RAINFOREST_RESIN;SEASHELLS;9997;5
68000;;;KELP;SEASHELLS;2036;1
68000;;;RAINFOREST_RESIN;SEASHELLS;10002;1
68000;;;SQUID_INK;SEASHELLS;1835;1
68200;SUBMISSION;;RAINFOREST_RESIN;SEASHELLS;9998;1
68400;;SUBMISSION;RAINFOREST_RESIN;SEASHELLS;10002;1
68500;;SUBMISSION;RAINFOREST_RESIN;SEASHELLS;10003;1
68500;;;KELP;SEASHELLS;2036;1
68500;;;KELP;SEASHELLS;2035;1
68500;;;SQUID_INK;SEASHELLS;1838;1
68600;SUBMISSION;;RAINFOREST_RESIN;SEASHELLS;9998;1
69100;;;SQUID_INK;SEASHELLS;1837;1
69100;;;KELP;SEASHELLS;2034;1
69100;SUBMISSION;;RAINFOREST_RESIN;SEASHELLS;9997;1
69700;;SUBMISSION;RAINFOREST_RESIN;SEASHELLS;10002;1
69800;;;KELP;SEASHELLS;2034;1
69800;;;SQUID_INK;SEASHELLS;1837;1
69900;;SUBMISSION;RAINFOREST_RESIN;SEASHELLS;10002;1
70100;;SUBMISSION;RAINFOREST_RESIN;SEASHELLS;10002;1
70100;;;KELP;SEASHELLS;2034;1
70100;;;SQUID_INK;SEASHELLS;1839;1
70300;;;SQUID_INK;SEASHELLS;1841;1
70300;;SUBMISSION;RAINFOREST_RESIN;SEASHELLS;10003;1
70300;;;KELP;SEASHELLS;2037;1
70400;;SUBMISSION;RAINFOREST_RESIN;SEASHELLS;10002;1
70400;;SUBMISSION;RAINFOREST_RESIN;SEASHELLS;10002;12
70500;;SUBMISSION;RAINFOREST_RESIN;SEASHELLS;10002;1
70500;;;KELP;SEASHELLS;2034;3
70500;;;SQUID_INK;SEASHELLS;1838;3
70600;;SUBMISSION;RAINFOREST_RESIN;SEASHELLS;10002;1
70600;;;SQUID_INK;SEASHELLS;1839;1
70600;;;KELP;SEASHELLS;2034;1
70700;;;SQUID_INK;SEASHELLS;1841;1
70700;;;KELP;SEASHELLS;2037;1
70700;;SUBMISSION;RAINFOREST_RESIN;SEASHELLS;10004;1
70800;SUBMISSION;;RAINFOREST_RESIN;SEASHELLS;9998;1
70800;SUBMISSION;;RAINFOREST_RESIN;SEASHELLS;9998;4
70900;;;SQUID_INK;SEASHELLS;1838;1
70900;;;KELP;SEASHELLS;2034;1
71000;;;RAINFOREST_RESIN;SEASHELLS;9998;8
71000;;;SQUID_INK;SEASHELLS;1839;1
71000;;;KELP;SEASHELLS;2036;1
71000;SUBMISSION;;RAINFOREST_RESIN;SEASHELLS;9998;3
71100;;;RAINFOREST_RESIN;SEASHELLS;9998;4
71100;SUBMISSION;;RAINFOREST_RESIN;SEASHELLS;9998;6
71200;SUBMISSION;;RAINFOREST_RESIN;SEASHELLS;9998;1
71400;SUBMISSION;;RAINFOREST_RESIN;SEASHELLS;9998;4
71400;;SUBMISSION;RAINFOREST_RESIN;SEASHELLS;10002;2
71700;SUBMISSION;;KELP;SEASHELLS;2034;1
71700;SUBMISSION;;RAINFOREST_RESIN;SEASHELLS;9997;1
71700;SUBMISSION;;RAINFOREST_RESIN;SEASHELLS;9998;1
71700;;;SQUID_INK;SEASHELLS;1843;1
71800;SUBMISSION;;RAINFOREST_RESIN;SEASHELLS;9998;1
72100;SUBMISSION;;RAINFOREST_RESIN;SEASHELLS;9998;1
72200;SUBMISSION;;RAINFOREST_RESIN;SEASHELLS;9998;1
72800;;;SQUID_INK;SEASHELLS;1846;8
72800;SUBMISSION;;KELP;SEASHELLS;2034;8
73400;;;RAINFOREST_RESIN;SEASHELLS;10002;1
73600;SUBMISSION;;RAINFOREST_RESIN;SEASHELLS;9996;2
73600;SUBMISSION;;KELP;SEASHELLS;2034;2
73600;;;SQUID_INK;SEASHELLS;1838;2
73600;SUBMISSION;;RAINFOREST_RESIN;SEASHELLS;9998;1
73700;;SUBMISSION;RAINFOREST_RESIN;SEASHELLS;10002;4
73900;;SUBMISSION;RAINFOREST_RESIN;SEASHELLS;10004;2
73900;;;SQUID_INK;SEASHELLS;1841;2
73900;;SUBMISSION;KELP;SEASHELLS;2036;2
74000;;;RAINFOREST_RESIN;SEASHELLS;9998;1
74200;;SUBMISSION;RAINFOREST_RESIN;SEASHELLS;10002;1
74200;;;RAINFOREST_RESIN;SEASHELLS;10002;1
74200;;;SQUID_INK;SEASHELLS;1834;2
74200;;;KELP;SEASHELLS;2035;2
74300;;;RAINFOREST_RESIN;SEASHELLS;9998;1
74300;;SUBMISSION;RAINFOREST_RESIN;SEASHELLS;10003;1
74300;;;KELP;SEASHELLS;2036;1
74300;;;KELP;SEASHELLS;2035;1
74300;;;SQUID_INK;SEASHELLS;1833;1
74300;;;SQUID_INK;SEASHELLS;1834;1
74500;;SUBMISSION;KELP;SEASHELLS;2036;1
74500;;;SQUID_INK;SEASHELLS;1832;1
74600;SUBMISSION;;RAINFOREST_RESIN;SEASHELLS;9998;2
75000;SUBMISSION;;RAINFOREST_RESIN;SEASHELLS;9997;1
75000;;;KELP;SEASHELLS;2034;1
75000;;;SQUID_INK;SEASHELLS;1830;1
75000;SUBMISSION;;RAINFOREST_RESIN;SEASHELLS;9998;4
75500;;;SQUID_INK;SEASHELLS;1831;2
75500;SUBMISSION;;RAINFOREST_RESIN;SEASHELLS;9997;2
75500;SUBMISSION;;KELP;SEASHELLS;2035;2
75600;SUBMISSION;;RAINFOREST_RESIN;SEASHELLS;9998;9
75700;;SUBMISSION;RAINFOREST_RESIN;SEASHELLS;10003;2
75700;;;KELP;SEASHELLS;2037;2
75700;;;SQUID_INK;SEASHELLS;1834;2
76100;;SUBMISSION;RAINFOREST_RESIN;SEASHELLS;10002;1
76700;;;KELP;SEASHELLS;2034;1
76700;SUBMISSION;;SQUID_INK;SEASHELLS;1827;2
76700;;;SQUID_INK;SEASHELLS;1826;1
76700;;;RAINFOREST_RESIN;SEASHELLS;9998;2
76700;SUBMISSION;;KELP;SEASHELLS;2035;2
76900;;;SQUID_INK;SEASHELLS;1820;1
76900;;;KELP;SEASHELLS;2034;1
77300;;;SQUID_INK;SEASHELLS;1821;1
77300;;;KELP;SEASHELLS;2034;1
77400;;;SQUID_INK;SEASHELLS;1824;3
77400;;;KELP;SEASHELLS;2036;3
77700;;SUBMISSION;RAINFOREST_RESIN;SEASHELLS;10002;1
77900;SUBMISSION;;RAINFOREST_RESIN;SEASHELLS;9998;1
77900;;SUBMISSION;KELP;SEASHELLS;2037;1
78100;;;SQUID_INK;SEASHELLS;1821;1
78100;;;KELP;SEASHELLS;2035;1
78200;;;KELP;SEASHELLS;2037;1
78200;;;SQUID_INK;SEASHELLS;1821;1
78200;;SUBMISSION;RAINFOREST_RESIN;SEASHELLS;10002;1
78500;;SUBMISSION;RAINFOREST_RESIN;SEASHELLS;10003;3
78700;SUBMISSION;;RAINFOREST_RESIN;SEASHELLS;9997;6
78900;SUBMISSION;;RAINFOREST_RESIN;SEASHELLS;9998;1
79100;SUBMISSION;;RAINFOREST_RESIN;SEASHELLS;9998;5
79200;;;RAINFOREST_RESIN;SEASHELLS;10002;3
79400;;SUBMISSION;KELP;SEASHELLS;2037;1
79400;;SUBMISSION;RAINFOREST_RESIN;SEASHELLS;10004;1
79400;;;SQUID_INK;SEASHELLS;1823;1
79500;;;KELP;SEASHELLS;2035;1
79500;;SUBMISSION;RAINFOREST_RESIN;SEASHELLS;10003;8
79500;;;SQUID_INK;SEASHELLS;1816;1
80000;SUBMISSION;;KELP;SEASHELLS;2035;1
80000;;;SQUID_INK;SEASHELLS;1815;1
80100;;;SQUID_INK;SEASHELLS;1811;1
80100;SUBMISSION;;RAINFOREST_RESIN;SEASHELLS;9997;1
80100;SUBMISSION;;KELP;SEASHELLS;2035;1
80300;;;SQUID_INK;SEASHELLS;1806;6
80500;;;SQUID_INK;SEASHELLS;1805;2
80500;;SUBMISSION;RAINFOREST_RESIN;SEASHELLS;10002;1
80500;SUBMISSION;;RAINFOREST_RESIN;SEASHELLS;9998;1
80500;;;KELP;SEASHELLS;2035;1
80500;;;SQUID_INK;SEASHELLS;1808;1
81200;;SUBMISSION;KELP;SEASHELLS;2037;1
81200;;;RAINFOREST_RESIN;SEASHELLS;10002;2
81200;;;SQUID_INK;SEASHELLS;1807;2
81200;;;KELP;SEASHELLS;2037;1
81300;;SUBMISSION;RAINFOREST_RESIN;SEASHELLS;10002;1
81300;;;SQUID_INK;SEASHELLS;1808;2
81300;;SUBMISSION;RAINFOREST_RESIN;SEASHELLS;10003;2
81300;;SUBMISSION;KELP;SEASHELLS;2037;2
81500;;;RAINFOREST_RESIN;SEASHELLS;9998;1
81600;;SUBMISSION;RAINFOREST_RESIN;SEASHELLS;10002;1
82000;;;RAINFOREST_RESIN;SEASHELLS;10002;1
82100;SUBMISSION;;RAINFOREST_RESIN;SEASHELLS;9998;1
82100;;;RAINFOREST_RESIN;SEASHELLS;9998;4
82300;;SUBMISSION;RAINFOREST_RESIN;SEASHELLS;10003;9
82500;SUBMISSION;;RAINFOREST_RESIN;SEASHELLS;9998;3
82600;;;KELP;SEASHELLS;2035;14
82600;;;SQUID_INK;SEASHELLS;1803;14
83100;SUBMISSION;;RAINFOREST_RESIN;SEASHELLS;9998;5
83600;;;RAINFOREST_RESIN;SEASHELLS;9998;1
83600;SUBMISSION;;KELP;SEASHELLS;2036;2
83600;;;SQUID_INK;SEASHELLS;1803;2
83600;SUBMISSION;;RAINFOREST_RESIN;SEASHELLS;9998;1
83800;SUBMISSION;;RAINFOREST_RESIN;SEASHELLS;9996;11
83800;SUBMISSION;;RAINFOREST_RESIN;SEASHELLS;9998;2
84000;;;KELP;SEASHELLS;2035;1
84000;;;SQUID_INK;SEASHELLS;1798;1
84300;;;KELP;SEASHELLS;2035;1
84300;;;SQUID_INK;SEASHELLS;1797;1
84700;;;RAINFOREST_RESIN;SEASHELLS;10002;1
84700;;;RAINFOREST_RESIN;SEASHELLS;10002;2
85100;SUBMISSION;;RAINFOREST_RESIN;SEASHELLS;9997;12
85500;;;SQUID_INK;SEASHELLS;1808;1
85500;;;KELP;SEASHELLS;2037;1
85800;;;KELP;SEASHELLS;2035;2
85800;SUBMISSION;;KELP;SEASHELLS;2035;2
85800;;;SQUID_INK;SEASHELLS;1808;2
85900;;SUBMISSION;RAINFOREST_RESIN;SEASHELLS;10002;8
85900;SUBMISSION;;RAINFOREST_RESIN;SEASHELLS;9998;8
85900;;;RAINFOREST_RESIN;SEASHELLS;10002;1
86000;;;KELP;SEASHELLS;2036;1
86000;;;SQUID_INK;SEASHELLS;1815;1
86100;;;KELP;SEASHELLS;2035;1
86100;;;SQUID_INK;SEASHELLS;1812;1
86200;;;SQUID_INK;SEASHELLS;1815;1
86200;;;KELP;SEASHELLS;2035;1
86600;;;KELP;SEASHELLS;2035;1
86600;;;RAINFOREST_RESIN;SEASHELLS;10002;1
86600;SUBMISSION;;RAINFOREST_RESIN;SEASHELLS;9998;8
86600;;;SQUID_INK;SEASHELLS;1811;1
86700;;;SQUID_INK;SEASHELLS;1812;1
86700;;;KELP;SEASHELLS;2036;1
86900;;;SQUID_INK;SEASHELLS;1812;1
86900;;;KELP;SEASHELLS;2037;1
87000;;;SQUID_INK;SEASHELLS;1809;1
87000;SUBMISSION;;KELP;SEASHELLS;2035;1
87000;SUBMISSION;;RAINFOREST_RESIN;SEASHELLS;9997;1
87300;SUBMISSION;;RAINFOREST_RESIN;SEASHELLS;9997;6
87300;;;RAINFOREST_RESIN;SEASHELLS;9997;1
87400;;;KELP;SEASHELLS;2034;1
87400;;;SQUID_INK;SEASHELLS;1808;1
87600;;;SQUID_INK;SEASHELLS;1809;1
87800;;;RAINFOREST_RESIN;SEASHELLS;9998;1
88000;;SUBMISSION;RAINFOREST_RESIN;SEASHELLS;10002;1
88000;;;RAINFOREST_RESIN;SEASHELLS;9996;2
88200;;;KELP;SEASHELLS;2037;1
88200;;;RAINFOREST_RESIN;SEASHELLS;9998;1
88200;;;SQUID_INK;SEASHELLS;1808;1
88200;SUBMISSION;;RAINFOREST_RESIN;SEASHELLS;9998;1
88400;;;SQUID_INK;SEASHELLS;1809;1
88400;;;KELP;SEASHELLS;2036;1
88500;;SUBMISSION;KELP;SEASHELLS;2037;1
88500;;SUBMISSION;RAINFOREST_RESIN;SEASHELLS;10004;1
88500;;;SQUID_INK;SEASHELLS;1809;1
88700;SUBMISSION;;RAINFOREST_RESIN;SEASHELLS;9998;1
89100;;;KELP;SEASHELLS;2035;1
89100;;;SQUID_INK;SEASHELLS;1807;1
89600;;;KELP;SEASHELLS;2034;1
89600;SUBMISSION;;KELP;SEASHELLS;2035;10
89600;;;SQUID_INK;SEASHELLS;1805;10
89800;;SUBMISSION;KELP;SEASHELLS;2037;1
89800;;;SQUID_INK;SEASHELLS;1806;1
89900;;SUBMISSION;KELP;SEASHELLS;2037;1
89900;;SUBMISSION;RAINFOREST_RESIN;SEASHELLS;10003;1
89900;;;SQUID_INK;SEASHELLS;1809;1
90100;SUBMISSION;;RAINFOREST_RESIN;SEASHELLS;9998;1
90200;;SUBMISSION;RAINFOREST_RESIN;SEASHELLS;10003;1
90200;;;SQUID_INK;SEASHELLS;1805;1
90200;;;KELP;SEASHELLS;2036;1
90300;;;SQUID_INK;SEASHELLS;1808;2
90300;;SUBMISSION;RAINFOREST_RESIN;SEASHELLS;10004;2
90300;;SUBMISSION;RAINFOREST_RESIN;SEASHELLS;10002;1
90300;;SUBMISSION;KELP;SEASHELLS;2037;2
90400;;;SQUID_INK;SEASHELLS;1806;8
90400;;;KELP;SEASHELLS;2034;8
90500;;;KELP;SEASHELLS;2037;1
90500;;;SQUID_INK;SEASHELLS;1810;1
90500;;SUBMISSION;RAINFOREST_RESIN;SEASHELLS;10003;1
90700;;SUBMISSION;RAINFOREST_RESIN;SEASHELLS;10004;1
90700;;;SQUID_INK;SEASHELLS;1809;1
90700;;SUBMISSION;KELP;SEASHELLS;2037;1
90800;SUBMISSION;;RAINFOREST_RESIN;SEASHELLS;9998;1
91000;SUBMISSION;;RAINFOREST_RESIN;SEASHELLS;9998;5
91000;;SUBMISSION;RAINFOREST_RESIN;SEASHELLS;10002;1
91300;;SUBMISSION;RAINFOREST_RESIN;SEASHELLS;10002;3
91600;;;SQUID_INK;SEASHELLS;1801;1
91600;;;KELP;SEASHELLS;2036;1
91800;;;KELP;SEASHELLS;2034;1
91800;;;SQUID_INK;SEASHELLS;1806;1
91900;;;KELP;SEASHELLS;2036;2
91900;;;SQUID_INK;SEASHELLS;1809;2
92200;;SUBMISSION;RAINFOREST_RESIN;SEASHELLS;10002;3
92300;;;KELP;SEASHELLS;2034;1
92300;;SUBMISSION;RAINFOREST_RESIN;SEASHELLS;10003;1
92300;;;SQUID_INK;SEASHELLS;1807;1
92300;;;KELP;SEASHELLS;2037;1
92300;;;SQUID_INK;SEASHELLS;1810;1
92400;;;KELP;SEASHELLS;2037;2
92400;;;RAINFOREST_RESIN;SEASHELLS;10002;2
92400;;;SQUID_INK;SEASHELLS;1811;2
92600;;;KELP;SEASHELLS;2034;1
92600;;;SQUID_INK;SEASHELLS;1810;1
93100;;;RAINFOREST_RESIN;SEASHELLS;10002;1
93600;;SUBMISSION;KELP;SEASHELLS;2037;1
93600;SUBMISSION;;RAINFOREST_RESIN;SEASHELLS;9998;1
93600;;;RAINFOREST_RESIN;SEASHELLS;10002;1
93600;;;SQUID_INK;SEASHELLS;1818;1
93800;SUBMISSION;;RAINFOREST_RESIN;SEASHELLS;9998;5
94500;;;SQUID_INK;SEASHELLS;1815;15
94500;;SUBMISSION;KELP;SEASHELLS;2037;15
94700;;;KELP;SEASHELLS;2036;1
94800;;;SQUID_INK;SEASHELLS;1815;2
94800;SUBMISSION;;RAINFOREST_RESIN;SEASHELLS;9997;2
94800;SUBMISSION;;KELP;SEASHELLS;2035;2
94900;;SUBMISSION;RAINFOREST_RESIN;SEASHELLS;10002;4
95100;;;SQUID_INK;SEASHELLS;1816;1
95100;;;KELP;SEASHELLS;2036;1
95300;;;SQUID_INK;SEASHELLS;1817;1
95300;;;KELP;SEASHELLS;2036;1
95600;SUBMISSION;;RAINFOREST_RESIN;SEASHELLS;9998;1
95700;;;RAINFOREST_RESIN;SEASHELLS;10002;7
95700;;SUBMISSION;RAINFOREST_RESIN;SEASHELLS;10002;1
95800;SUBMISSION;;RAINFOREST_RESIN;SEASHELLS;9998;1
95800;;;SQUID_INK;SEASHELLS;1813;1
95800;;;KELP;SEASHELLS;2034;1
95900;;;KELP;SEASHELLS;2036;1
96000;;;KELP;SEASHELLS;2036;1
96100;;;KELP;SEASHELLS;2034;1
96100;;;RAINFOREST_RESIN;SEASHELLS;10002;2
96100;;;KELP;SEASHELLS;2037;2
96100;;;SQUID_INK;SEASHELLS;1814;1
96100;;;SQUID_INK;SEASHELLS;1817;2
96400;;;SQUID_INK;SEASHELLS;1816;7
96400;SUBMISSION;;KELP;SEASHELLS;2035;10
96600;;;KELP;SEASHELLS;2036;1
96600;;;KELP;SEASHELLS;2034;1
96600;;;SQUID_INK;SEASHELLS;1815;1
96600;;;SQUID_INK;SEASHELLS;1814;1
96900;SUBMISSION;;RAINFOREST_RESIN;SEASHELLS;9998;1
97200;;;SQUID_INK;SEASHELLS;1813;5
97200;;;KELP;SEASHELLS;2035;5
97300;;SUBMISSION;KELP;SEASHELLS;2037;1
97400;;SUBMISSION;KELP;SEASHELLS;2037;1
97600;;;SQUID_INK;SEASHELLS;1816;2
97900;;SUBMISSION;RAINFOREST_RESIN;SEASHELLS;10002;3
98000;;SUBMISSION;RAINFOREST_RESIN;SEASHELLS;10003;5
98100;;;SQUID_INK;SEASHELLS;1814;1
98100;;;RAINFOREST_RESIN;SEASHELLS;9998;1
98100;;;KELP;SEASHELLS;2034;1
98200;SUBMISSION;;KELP;SEASHELLS;2035;6
98200;;;SQUID_INK;SEASHELLS;1814;6
98300;SUBMISSION;;RAINFOREST_RESIN;SEASHELLS;9998;1
98500;SUBMISSION;;RAINFOREST_RESIN;SEASHELLS;9998;1
98600;;SUBMISSION;RAINFOREST_RESIN;SEASHELLS;10004;9
98900;;SUBMISSION;RAINFOREST_RESIN;SEASHELLS;10003;9
98900;;SUBMISSION;RAINFOREST_RESIN;SEASHELLS;10003;2
99200;;;SQUID_INK;SEASHELLS;1811;2
99200;SUBMISSION;;RAINFOREST_RESIN;SEASHELLS;9996;2
99200;SUBMISSION;;KELP;SEASHELLS;2035;2
99300;;;KELP;SEASHELLS;2037;1
99300;SUBMISSION;;RAINFOREST_RESIN;SEASHELLS;9998;1
99500;SUBMISSION;;RAINFOREST_RESIN;SEASHELLS;9998;3
99600;;SUBMISSION;KELP;SEASHELLS;2037;12
99600;;;SQUID_INK;SEASHELLS;1818;12
99700;SUBMISSION;;KELP;SEASHELLS;2035;2
99700;SUBMISSION;;RAINFOREST_RESIN;SEASHELLS;9996;2
99700;;;SQUID_INK;SEASHELLS;1813;2
99900;;;KELP;SEASHELLS;2035;1
99900;;;SQUID_INK;SEASHELLS;1816;1
100000;;SUBMISSION;RAINFOREST_RESIN;SEASHELLS;10002;1
100100;SUBMISSION;;RAINFOREST_RESIN;SEASHELLS;9998;4
100300;;;KELP;SEASHELLS;2035;1
100300;;;SQUID_INK;SEASHELLS;1817;1
100400;;SUBMISSION;RAINFOREST_RESIN;SEASHELLS;10002;1
100600;;;SQUID_INK;SEASHELLS;1823;14
100600;;;KELP;SEASHELLS;2037;4
100600;;SUBMISSION;RAINFOREST_RESIN;SEASHELLS;10002;1
100600;;SUBMISSION;KELP;SEASHELLS;2037;10
100700;;;RAINFOREST_RESIN;SEASHELLS;9998;1
100700;SUBMISSION;;RAINFOREST_RESIN;SEASHELLS;9998;1
100700;;;RAINFOREST_RESIN;SEASHELLS;9998;6
100900;;;KELP;SEASHELLS;2037;10
101200;;SUBMISSION;RAINFOREST_RESIN;SEASHELLS;10002;2
101400;;;KELP;SEASHELLS;2037;1
101500;;;KELP;SEASHELLS;2037;5
101500;;;KELP;SEASHELLS;2037;1
101800;SUBMISSION;;RAINFOREST_RESIN;SEASHELLS;9998;1
101900;;;KELP;SEASHELLS;2037;1
101900;;;SQUID_INK;SEASHELLS;1822;1
101900;;;KELP;SEASHELLS;2036;4
101900;;;SQUID_INK;SEASHELLS;1821;4
102500;;;KELP;SEASHELLS;2037;1
102500;SUBMISSION;;RAINFOREST_RESIN;SEASHELLS;9998;1
102500;;;RAINFOREST_RESIN;SEASHELLS;10002;2
102500;;;SQUID_INK;SEASHELLS;1823;1
102600;;;KELP;SEASHELLS;2037;3
102700;SUBMISSION;;RAINFOREST_RESIN;SEASHELLS;9998;1
102900;SUBMISSION;;RAINFOREST_RESIN;SEASHELLS;9996;6
103400;;;SQUID_INK;SEASHELLS;1819;1
103400;;;KELP;SEASHELLS;2035;4
103400;;;KELP;SEASHELLS;2035;1
103400;;SUBMISSION;RAINFOREST_RESIN;SEASHELLS;10002;6
103600;;SUBMISSION;RAINFOREST_RESIN;SEASHELLS;10002;2
103700;;SUBMISSION;RAINFOREST_RESIN;SEASHELLS;10003;2
104100;SUBMISSION;;RAINFOREST_RESIN;SEASHELLS;9998;3
104400;;SUBMISSION;RAINFOREST_RESIN;SEASHELLS;10002;1
104400;;SUBMISSION;RAINFOREST_RESIN;SEASHELLS;10004;2
104400;;;SQUID_INK;SEASHELLS;1820;2
104400;;;KELP;SEASHELLS;2038;2
104500;;;SQUID_INK;SEASHELLS;1817;2
104500;SUBMISSION;;KELP;SEASHELLS;2036;2
104500;SUBMISSION;;RAINFOREST_RESIN;SEASHELLS;9997;2
104600;SUBMISSION;;RAINFOREST_RESIN;SEASHELLS;9997;8
104800;;;SQUID_INK;SEASHELLS;1820;1
104800;;;KELP;SEASHELLS;2037;1
104900;;;KELP;SEASHELLS;2037;1
104900;;;SQUID_INK;SEASHELLS;1821;1
105200;;SUBMISSION;RAINFOREST_RESIN;SEASHELLS;10002;1
105300;SUBMISSION;;RAINFOREST_RESIN;SEASHELLS;9998;1
105800;SUBMISSION;;KELP;SEASHELLS;2035;2
105800;SUBMISSION;;RAINFOREST_RESIN;SEASHELLS;9996;2
105800;;;SQUID_INK;SEASHELLS;1819;2
105900;;;SQUID_INK;SEASHELLS;1820;1
105900;;;KELP;SEASHELLS;2037;1
105900;;SUBMISSION;RAINFOREST_RESIN;SEASHELLS;10002;10
106300;;SUBMISSION;RAINFOREST_RESIN;SEASHELLS;10002;5
106300;;;KELP;SEASHELLS;2035;4
106300;;;SQUID_INK;SEASHELLS;1815;3
106300;;;SQUID_INK;SEASHELLS;1815;1
106400;;;SQUID_INK;SEASHELLS;1816;3
106400;;;KELP;SEASHELLS;2035;2
106400;;;KELP;SEASHELLS;2035;3
106500;;;KELP;SEASHELLS;2037;1
106500;;;SQUID_INK;SEASHELLS;1817;1
106800;;;RAINFOREST_RESIN;SEASHELLS;10002;1
107300;;;SQUID_INK;SEASHELLS;1816;2
107500;;SUBMISSION;RAINFOREST_RESIN;SEASHELLS;10002;3
108400;SUBMISSION;;RAINFOREST_RESIN;SEASHELLS;9998;5
108600;SUBMISSION;;RAINFOREST_RESIN;SEASHELLS;9998;4
108900;SUBMISSION;;RAINFOREST_RESIN;SEASHELLS;9998;1
109000;;;SQUID_INK;SEASHELLS;1820;13
109000;SUBMISSION;;KELP;SEASHELLS;2035;13
109000;SUBMISSION;;RAINFOREST_RESIN;SEASHELLS;9998;1
109400;;;RAINFOREST_RESIN;SEASHELLS;10002;7
109500;SUBMISSION;;RAINFOREST_RESIN;SEASHELLS;9996;10
109500;;;SQUID_INK;SEASHELLS;1820;1
109500;SUBMISSION;;KELP;SEASHELLS;2035;1
110600;;;RAINFOREST_RESIN;SEASHELLS;10002;1
110700;;SUBMISSION;RAINFOREST_RESIN;SEASHELLS;10002;1
110900;;;SQUID_INK;SEASHELLS;1831;2
110900;;SUBMISSION;KELP;SEASHELLS;2037;1
110900;;;KELP;SEASHELLS;2037;1
110900;;;KELP;SEASHELLS;2036;1
110900;;;SQUID_INK;SEASHELLS;1830;1
110900;;SUBMISSION;RAINFOREST_RESIN;SEASHELLS;10003;2
111100;;SUBMISSION;SQUID_INK;SEASHELLS;1830;2
111100;;SUBMISSION;RAINFOREST_RESIN;SEASHELLS;10003;2
111100;;;KELP;SEASHELLS;2037;2
111200;;SUBMISSION;RAINFOREST_RESIN;SEASHELLS;10002;6
111500;;;SQUID_INK;SEASHELLS;1828;1
111500;;;KELP;SEASHELLS;2034;1
111600;;;KELP;SEASHELLS;2034;1
111900;;;RAINFOREST_RESIN;SEASHELLS;10002;3
112000;;SUBMISSION;RAINFOREST_RESIN;SEASHELLS;10003;1
112000;;SUBMISSION;SQUID_INK;SEASHELLS;1833;1
112000;;SUBMISSION;KELP;SEASHELLS;2036;1
112400;SUBMISSION;;RAINFOREST_RESIN;SEASHELLS;9996;6
113000;;;SQUID_INK;SEASHELLS;1834;1
113000;;;KELP;SEASHELLS;2036;1
113200;;SUBMISSION;RAINFOREST_RESIN;SEASHELLS;10002;3
113400;;;KELP;SEASHELLS;2034;9
113500;;;RAINFOREST_RESIN;SEASHELLS;9998;1
113700;;SUBMISSION;RAINFOREST_RESIN;SEASHELLS;10002;1
113700;;;KELP;SEASHELLS;2036;1
113700;;;SQUID_INK;SEASHELLS;1836;1
113800;SUBMISSION;;RAINFOREST_RESIN;SEASHELLS;9998;1
113900;;;SQUID_INK;SEASHELLS;1834;1
113900;;;KELP;SEASHELLS;2036;1
114100;;SUBMISSION;RAINFOREST_RESIN;SEASHELLS;10002;4
114300;;;RAINFOREST_RESIN;SEASHELLS;10002;6
114700;;SUBMISSION;RAINFOREST_RESIN;SEASHELLS;10002;1
114800;SUBMISSION;;RAINFOREST_RESIN;SEASHELLS;9998;1
115000;;SUBMISSION;RAINFOREST_RESIN;SEASHELLS;10003;3
115100;;;SQUID_INK;SEASHELLS;1833;1
115100;;;KELP;SEASHELLS;2035;1
115300;;;KELP;SEASHELLS;2035;11
115300;SUBMISSION;;RAINFOREST_RESIN;SEASHELLS;9998;7
115300;;;SQUID_INK;SEASHELLS;1835;11
115400;;;SQUID_INK;SEASHELLS;1837;1
115400;;;KELP;SEASHELLS;2037;1
115500;;;SQUID_INK;SEASHELLS;1835;1
115500;;;KELP;SEASHELLS;2035;1
115900;;;KELP;SEASHELLS;2036;2
115900;;;SQUID_INK;SEASHELLS;1836;2
115900;;;RAINFOREST_RESIN;SEASHELLS;10000;2
116100;;;KELP;SEASHELLS;2037;2
116100;;;SQUID_INK;SEASHELLS;1836;2
116100;;SUBMISSION;KELP;SEASHELLS;2037;7
116800;;SUBMISSION;RAINFOREST_RESIN;SEASHELLS;10002;1
116900;;;SQUID_INK;SEASHELLS;1835;2
117100;;;RAINFOREST_RESIN;SEASHELLS;9998;1
117100;;;RAINFOREST_RESIN;SEASHELLS;9998;3
117100;;;SQUID_INK;SEASHELLS;1833;2
117100;;;KELP;SEASHELLS;2036;2
117400;SUBMISSION;;RAINFOREST_RESIN;SEASHELLS;9997;8
117500;;;SQUID_INK;SEASHELLS;1830;1
117500;;;KELP;SEASHELLS;2035;1
117700;;SUBMISSION;RAINFOREST_RESIN;SEASHELLS;10002;3
118000;SUBMISSION;;RAINFOREST_RESIN;SEASHELLS;9998;1
118200;;SUBMISSION;RAINFOREST_RESIN;SEASHELLS;10002;3
118200;SUBMISSION;;KELP;SEASHELLS;2035;8
118200;;;SQUID_INK;SEASHELLS;1833;1
118200;;;KELP;SEASHELLS;2035;1
118200;;;SQUID_INK;SEASHELLS;1833;8
118300;;;SQUID_INK;SEASHELLS;1834;1
118300;SUBMISSION;;RAINFOREST_RESIN;SEASHELLS;9996;1
118300;SUBMISSION;;KELP;SEASHELLS;2035;1
118400;;SUBMISSION;KELP;SEASHELLS;2037;1
118500;SUBMISSION;;RAINFOREST_RESIN;SEASHELLS;9998;7
118600;;SUBMISSION;RAINFOREST_RESIN;SEASHELLS;10002;5
118700;;SUBMISSION;RAINFOREST_RESIN;SEASHELLS;10002;1
119100;;SUBMISSION;RAINFOREST_RESIN;SEASHELLS;10002;3
119400;;;RAINFOREST_RESIN;SEASHELLS;10002;1
119600;;;SQUID_INK;SEASHELLS;1828;2
119600;;SUBMISSION;RAINFOREST_RESIN;SEASHELLS;10003;2
119600;;SUBMISSION;KELP;SEASHELLS;2037;2
120000;;;SQUID_INK;SEASHELLS;1827;1
120000;;;RAINFOREST_RESIN;SEASHELLS;9998;1
120000;SUBMISSION;;KELP;SEASHELLS;2035;1
120300;SUBMISSION;;RAINFOREST_RESIN;SEASHELLS;9998;1
120600;;;SQUID_INK;SEASHELLS;1832;1
120600;;;KELP;SEASHELLS;2035;1
120700;SUBMISSION;;RAINFOREST_RESIN;SEASHELLS;9998;1
120800;;SUBMISSION;RAINFOREST_RESIN;SEASHELLS;10002;5
120800;;;SQUID_INK;SEASHELLS;1835;1
120800;;;KELP;SEASHELLS;2034;1
120900;;;RAINFOREST_RESIN;SEASHELLS;9998;1
121000;;;RAINFOREST_RESIN;SEASHELLS;9998;2
121000;SUBMISSION;;RAINFOREST_RESIN;SEASHELLS;9998;6
121300;;;RAINFOREST_RESIN;SEASHELLS;9998;1
121400;SUBMISSION;;RAINFOREST_RESIN;SEASHELLS;9998;1
121800;;;KELP;SEASHELLS;2035;3
121800;;;SQUID_INK;SEASHELLS;1840;3
122200;SUBMISSION;;RAINFOREST_RESIN;SEASHELLS;9998;1
122400;;SUBMISSION;RAINFOREST_RESIN;SEASHELLS;10002;9
122600;;;SQUID_INK;SEASHELLS;1834;1
122600;;;KELP;SEASHELLS;2035;1
123100;SUBMISSION;;RAINFOREST_RESIN;SEASHELLS;9998;1
123200;;SUBMISSION;KELP;SEASHELLS;2037;1
123500;;;RAINFOREST_RESIN;SEASHELLS;10002;5
123500;;;KELP;SEASHELLS;2035;1
123500;;;SQUID_INK;SEASHELLS;1834;1
123600;;;SQUID_INK;SEASHELLS;1834;2
123600;;;SQUID_INK;SEASHELLS;1834;15
123600;;;KELP;SEASHELLS;2036;15
123600;SUBMISSION;;RAINFOREST_RESIN;SEASHELLS;9996;2
123600;;;KELP;SEASHELLS;2036;2
123700;;;SQUID_INK;SEASHELLS;1837;1
123700;;SUBMISSION;RAINFOREST_RESIN;SEASHELLS;10002;1
123700;;;KELP;SEASHELLS;2038;1
124000;;SUBMISSION;RAINFOREST_RESIN;SEASHELLS;10002;1
124300;;;SQUID_INK;SEASHELLS;1836;1
124300;;;KELP;SEASHELLS;2036;1
124300;SUBMISSION;;RAINFOREST_RESIN;SEASHELLS;9998;1
124500;SUBMISSION;;RAINFOREST_RESIN;SEASHELLS;9998;1
124900;;SUBMISSION;RAINFOREST_RESIN;SEASHELLS;10002;2
125100;;SUBMISSION;RAINFOREST_RESIN;SEASHELLS;10002;1
125500;;;SQUID_INK;SEASHELLS;1836;1
125500;;;KELP;SEASHELLS;2035;1
125900;SUBMISSION;;KELP;SEASHELLS;2035;1
125900;;;SQUID_INK;SEASHELLS;1835;3
125900;;;KELP;SEASHELLS;2035;2
126500;;;SQUID_INK;SEASHELLS;1833;1
127000;;;KELP;SEASHELLS;2034;1
127000;;;SQUID_INK;SEASHELLS;1832;1
127200;;;KELP;SEASHELLS;2034;1
127200;;;SQUID_INK;SEASHELLS;1832;1
127400;;;RAINFOREST_RESIN;SEASHELLS;9998;1
127400;;;SQUID_INK;SEASHELLS;1831;3
127400;;;KELP;SEASHELLS;2034;3
127400;;;RAINFOREST_RESIN;SEASHELLS;9998;5
127400;SUBMISSION;;RAINFOREST_RESIN;SEASHELLS;9998;0
127400;SUBMISSION;;RAINFOREST_RESIN;SEASHELLS;9998;1
127400;;;SQUID_INK;SEASHELLS;1831;5
127400;;;KELP;SEASHELLS;2034;5
127500;SUBMISSION;;RAINFOREST_RESIN;SEASHELLS;9998;2
127600;;;KELP;SEASHELLS;2034;1
127600;;SUBMISSION;RAINFOREST_RESIN;SEASHELLS;10002;1
127600;;;SQUID_INK;SEASHELLS;1827;1
128000;;SUBMISSION;RAINFOREST_RESIN;SEASHELLS;10002;4
128400;;;SQUID_INK;SEASHELLS;1831;1
128400;;;KELP;SEASHELLS;2036;1
128400;;SUBMISSION;RAINFOREST_RESIN;SEASHELLS;10002;1
128800;;;KELP;SEASHELLS;2034;1
128800;;;SQUID_INK;SEASHELLS;1829;1
128900;;;KELP;SEASHELLS;2034;14
128900;;;SQUID_INK;SEASHELLS;1829;14
129000;;;KELP;SEASHELLS;2034;1
129000;;;SQUID_INK;SEASHELLS;1830;1
129200;;;SQUID_INK;SEASHELLS;1832;1
129200;;;KELP;SEASHELLS;2036;1
129300;SUBMISSION;;RAINFOREST_RESIN;SEASHELLS;9998;1
129600;;SUBMISSION;RAINFOREST_RESIN;SEASHELLS;10002;1
129700;;;KELP;SEASHELLS;2035;1
129700;;;SQUID_INK;SEASHELLS;1828;3
129700;;;SQUID_INK;SEASHELLS;1831;2
129700;;;KELP;SEASHELLS;2035;2
129700;;SUBMISSION;RAINFOREST_RESIN;SEASHELLS;10004;2
129900;;;KELP;SEASHELLS;2034;1
129900;;;SQUID_INK;SEASHELLS;1829;1
130000;SUBMISSION;;RAINFOREST_RESIN;SEASHELLS;9998;1
130000;;;KELP;SEASHELLS;2034;10
130000;;;SQUID_INK;SEASHELLS;1829;10
130300;;SUBMISSION;KELP;SEASHELLS;2036;1
130300;;;RAINFOREST_RESIN;SEASHELLS;10002;1
130300;;;SQUID_INK;SEASHELLS;1827;1
130300;SUBMISSION;;RAINFOREST_RESIN;SEASHELLS;9998;1
130500;SUBMISSION;;RAINFOREST_RESIN;SEASHELLS;9998;1
130600;;SUBMISSION;RAINFOREST_RESIN;SEASHELLS;10002;1
131000;;;KELP;SEASHELLS;2034;9
131000;;SUBMISSION;KELP;SEASHELLS;2036;10
131000;;;SQUID_INK;SEASHELLS;1824;9
131000;;;SQUID_INK;SEASHELLS;1827;10
131100;;;KELP;SEASHELLS;2034;1
131800;;;KELP;SEASHELLS;2036;1
131800;;;SQUID_INK;SEASHELLS;1823;1
131800;SUBMISSION;;RAINFOREST_RESIN;SEASHELLS;9997;9
132000;SUBMISSION;;RAINFOREST_RESIN;SEASHELLS;9998;1
132100;;;SQUID_INK;SEASHELLS;1822;1
132100;;SUBMISSION;RAINFOREST_RESIN;SEASHELLS;10002;1
132100;;;KELP;SEASHELLS;2036;1
132200;;SUBMISSION;RAINFOREST_RESIN;SEASHELLS;10003;8
132200;;;KELP;SEASHELLS;2034;1
132200;;;SQUID_INK;SEASHELLS;1822;1
132400;SUBMISSION;;RAINFOREST_RESIN;SEASHELLS;9998;1
132500;;;SQUID_INK;SEASHELLS;1822;1
132500;;;KELP;SEASHELLS;2034;1
132500;;SUBMISSION;RAINFOREST_RESIN;SEASHELLS;10002;1
132600;SUBMISSION;;RAINFOREST_RESIN;SEASHELLS;9998;1
132900;;;SQUID_INK;SEASHELLS;1827;2
133400;;;KELP;SEASHELLS;2036;1
133400;;;SQUID_INK;SEASHELLS;1830;1
133400;;;SQUID_INK;SEASHELLS;1829;4
133400;;;KELP;SEASHELLS;2035;4
133500;SUBMISSION;;KELP;SEASHELLS;2035;9
133500;;;SQUID_INK;SEASHELLS;1828;9
133800;;;KELP;SEASHELLS;2034;1
133800;;SUBMISSION;RAINFOREST_RESIN;SEASHELLS;10002;1
133800;;;SQUID_INK;SEASHELLS;1827;1
134000;;;SQUID_INK;SEASHELLS;1828;4
134000;;;SQUID_INK;SEASHELLS;1828;1
134000;SUBMISSION;;RAINFOREST_RESIN;SEASHELLS;9997;5
134000;;;KELP;SEASHELLS;2034;4
134000;;;KELP;SEASHELLS;2034;1
134200;SUBMISSION;;RAINFOREST_RESIN;SEASHELLS;9998;1
134200;;SUBMISSION;RAINFOREST_RESIN;SEASHELLS;10002;1
134200;;;SQUID_INK;SEASHELLS;1833;1
134200;;SUBMISSION;KELP;SEASHELLS;2036;1
134400;;;SQUID_INK;SEASHELLS;1832;2
134400;;;KELP;SEASHELLS;2037;2
134400;;SUBMISSION;RAINFOREST_RESIN;SEASHELLS;10003;2
134400;;;SQUID_INK;SEASHELLS;1831;1
134400;;;KELP;SEASHELLS;2036;1
135200;;;RAINFOREST_RESIN;SEASHELLS;10002;1
135200;;;SQUID_INK;SEASHELLS;1829;1
135200;;SUBMISSION;KELP;SEASHELLS;2036;1
135500;;;SQUID_INK;SEASHELLS;1828;14
135500;;;KELP;SEASHELLS;2037;14
135700;SUBMISSION;;RAINFOREST_RESIN;SEASHELLS;9996;2
135700;SUBMISSION;;RAINFOREST_RESIN;SEASHELLS;9998;12
135800;;;KELP;SEASHELLS;2034;3
135800;;;SQUID_INK;SEASHELLS;1823;3
136000;;SUBMISSION;KELP;SEASHELLS;2036;12
136000;;;SQUID_INK;SEASHELLS;1825;12
136100;SUBMISSION;;RAINFOREST_RESIN;SEASHELLS;9998;5
136100;;;RAINFOREST_RESIN;SEASHELLS;9998;3
136600;;;KELP;SEASHELLS;2034;1
136600;;;SQUID_INK;SEASHELLS;1818;1
136900;;;SQUID_INK;SEASHELLS;1822;2
136900;;;KELP;SEASHELLS;2034;1
136900;;;RAINFOREST_RESIN;SEASHELLS;10002;2
136900;;;SQUID_INK;SEASHELLS;1819;1
136900;;;KELP;SEASHELLS;2037;2
137200;SUBMISSION;;SQUID_INK;SEASHELLS;1819;1
137200;;;RAINFOREST_RESIN;SEASHELLS;9996;1
137200;;;KELP;SEASHELLS;2034;1
137200;;SUBMISSION;RAINFOREST_RESIN;SEASHELLS;10002;1
137500;;;RAINFOREST_RESIN;SEASHELLS;10002;2
137500;;;KELP;SEASHELLS;2037;2
137500;;;SQUID_INK;SEASHELLS;1825;2
137800;;;RAINFOREST_RESIN;SEASHELLS;10002;1
137800;;SUBMISSION;RAINFOREST_RESIN;SEASHELLS;10002;4
137900;;SUBMISSION;RAINFOREST_RESIN;SEASHELLS;10002;1
138000;SUBMISSION;;RAINFOREST_RESIN;SEASHELLS;9998;1
138200;;;KELP;SEASHELLS;2034;2
138200;SUBMISSION;;RAINFOREST_RESIN;SEASHELLS;9997;2
138200;;;SQUID_INK;SEASHELLS;1823;2
138200;;SUBMISSION;RAINFOREST_RESIN;SEASHELLS;10003;10
138300;SUBMISSION;;RAINFOREST_RESIN;SEASHELLS;9996;2
138300;;;SQUID_INK;SEASHELLS;1824;2
138300;;;KELP;SEASHELLS;2034;2
138300;SUBMISSION;;RAINFOREST_RESIN;SEASHELLS;9998;1
138600;;;SQUID_INK;SEASHELLS;1823;3
139200;;;SQUID_INK;SEASHELLS;1821;1
139200;;;KELP;SEASHELLS;2036;1
139200;;SUBMISSION;RAINFOREST_RESIN;SEASHELLS;10002;1
139400;;SUBMISSION;RAINFOREST_RESIN;SEASHELLS;10003;10
139400;;SUBMISSION;RAINFOREST_RESIN;SEASHELLS;10002;1
139500;;;SQUID_INK;SEASHELLS;1818;1
139500;;;KELP;SEASHELLS;2034;1
139800;;;RAINFOREST_RESIN;SEASHELLS;9998;1
140300;;;KELP;SEASHELLS;2038;9
140300;;;SQUID_INK;SEASHELLS;1823;9
140500;;;KELP;SEASHELLS;2034;7
140500;;;SQUID_INK;SEASHELLS;1823;7
140600;;SUBMISSION;RAINFOREST_RESIN;SEASHELLS;10002;1
140600;SUBMISSION;;KELP;SEASHELLS;2035;3
140800;;;KELP;SEASHELLS;2034;1
140800;;;SQUID_INK;SEASHELLS;1824;1
140900;SUBMISSION;;RAINFOREST_RESIN;SEASHELLS;9998;1
141300;;;SQUID_INK;SEASHELLS;1824;1
141300;;SUBMISSION;KELP;SEASHELLS;2037;1
141300;;SUBMISSION;RAINFOREST_RESIN;SEASHELLS;10003;1
141500;;SUBMISSION;RAINFOREST_RESIN;SEASHELLS;10002;3
141800;;;RAINFOREST_RESIN;SEASHELLS;9998;1
141900;;;RAINFOREST_RESIN;SEASHELLS;10002;10
141900;;SUBMISSION;RAINFOREST_RESIN;SEASHELLS;10002;1
142000;SUBMISSION;;RAINFOREST_RESIN;SEASHELLS;9998;11
142000;SUBMISSION;;RAINFOREST_RESIN;SEASHELLS;9998;1
142400;;;KELP;SEASHELLS;2035;1
142400;;;SQUID_INK;SEASHELLS;1819;1
142600;;;KELP;SEASHELLS;2035;1
142600;;;SQUID_INK;SEASHELLS;1821;1
142800;SUBMISSION;;RAINFOREST_RESIN;SEASHELLS;9998;5
142800;;;SQUID_INK;SEASHELLS;1819;1
142800;;;KELP;SEASHELLS;2037;1
143200;;;SQUID_INK;SEASHELLS;1823;2
143200;;SUBMISSION;KELP;SEASHELLS;2037;2
143200;;SUBMISSION;RAINFOREST_RESIN;SEASHELLS;10004;2
143300;;SUBMISSION;RAINFOREST_RESIN;SEASHELLS;10004;12
143300;;;SQUID_INK;SEASHELLS;1821;11
143300;SUBMISSION;;KELP;SEASHELLS;2035;11
143500;;;RAINFOREST_RESIN;SEASHELLS;9998;5
143600;;;KELP;SEASHELLS;2037;1
143600;;SUBMISSION;SQUID_INK;SEASHELLS;1824;10
143600;;;SQUID_INK;SEASHELLS;1824;2
143600;;SUBMISSION;KELP;SEASHELLS;2037;11
143800;;;RAINFOREST_RESIN;SEASHELLS;9998;2
143800;;;SQUID_INK;SEASHELLS;1820;2
143800;SUBMISSION;;KELP;SEASHELLS;2035;2
144300;;;KELP;SEASHELLS;2037;1
144300;SUBMISSION;;RAINFOREST_RESIN;SEASHELLS;9998;7
144300;SUBMISSION;;RAINFOREST_RESIN;SEASHELLS;9996;1
144300;;;SQUID_INK;SEASHELLS;1822;1
145200;;;SQUID_INK;SEASHELLS;1825;1
145200;;;KELP;SEASHELLS;2037;1
145300;;SUBMISSION;RAINFOREST_RESIN;SEASHELLS;10002;1
146000;;SUBMISSION;KELP;SEASHELLS;2037;2
146000;;;SQUID_INK;SEASHELLS;1827;8
146000;;SUBMISSION;RAINFOREST_RESIN;SEASHELLS;10002;5
146100;;;KELP;SEASHELLS;2038;15
146100;;SUBMISSION;RAINFOREST_RESIN;SEASHELLS;10002;1
146100;;;SQUID_INK;SEASHELLS;1827;15
146200;;SUBMISSION;RAINFOREST_RESIN;SEASHELLS;10003;2
146200;;;KELP;SEASHELLS;2038;2
146200;;;SQUID_INK;SEASHELLS;1827;2
146400;;SUBMISSION;RAINFOREST_RESIN;SEASHELLS;10002;1
146500;SUBMISSION;;RAINFOREST_RESIN;SEASHELLS;9998;9
146500;;;SQUID_INK;SEASHELLS;1826;1
146600;;;RAINFOREST_RESIN;SEASHELLS;9998;1
146700;;SUBMISSION;RAINFOREST_RESIN;SEASHELLS;10002;1
146800;SUBMISSION;;RAINFOREST_RESIN;SEASHELLS;9998;6
146900;;;SQUID_INK;SEASHELLS;1827;9
146900;SUBMISSION;;KELP;SEASHELLS;2035;9
146900;SUBMISSION;;KELP;SEASHELLS;2035;5
146900;;;SQUID_INK;SEASHELLS;1828;5
147300;;;SQUID_INK;SEASHELLS;1829;4
147300;;;KELP;SEASHELLS;2036;4
147300;SUBMISSION;;RAINFOREST_RESIN;SEASHELLS;9998;1
147500;;;RAINFOREST_RESIN;SEASHELLS;9998;9
147500;SUBMISSION;;RAINFOREST_RESIN;SEASHELLS;9998;2
147600;;;SQUID_INK;SEASHELLS;1827;5
147600;;SUBMISSION;KELP;SEASHELLS;2037;5
147800;;;SQUID_INK;SEASHELLS;1824;1
147800;;;KELP;SEASHELLS;2037;1
148000;;;SQUID_INK;SEASHELLS;1829;1
148000;;;KELP;SEASHELLS;2037;1
148200;SUBMISSION;;RAINFOREST_RESIN;SEASHELLS;9998;1
148300;;;KELP;SEASHELLS;2037;1
148300;;;SQUID_INK;SEASHELLS;1825;1
148400;;SUBMISSION;RAINFOREST_RESIN;SEASHELLS;10002;1
148500;;;SQUID_INK;SEASHELLS;1826;9
148500;SUBMISSION;;KELP;SEASHELLS;2036;9
148600;SUBMISSION;;RAINFOREST_RESIN;SEASHELLS;9998;1
148600;SUBMISSION;;RAINFOREST_RESIN;SEASHELLS;9998;4
148900;;;SQUID_INK;SEASHELLS;1829;2
148900;;SUBMISSION;KELP;SEASHELLS;2037;2
148900;;;RAINFOREST_RESIN;SEASHELLS;10002;2
149000;SUBMISSION;;RAINFOREST_RESIN;SEASHELLS;9998;1
149300;SUBMISSION;;RAINFOREST_RESIN;SEASHELLS;9997;2
149300;SUBMISSION;;KELP;SEASHELLS;2036;2
149300;;;SQUID_INK;SEASHELLS;1826;2
149600;SUBMISSION;;RAINFOREST_RESIN;SEASHELLS;9998;1
149700;;SUBMISSION;RAINFOREST_RESIN;SEASHELLS;10004;12
150000;;;KELP;SEASHELLS;2037;10
150500;SUBMISSION;;RAINFOREST_RESIN;SEASHELLS;9997;3
150600;;;SQUID_INK;SEASHELLS;1828;11
150600;SUBMISSION;;RAINFOREST_RESIN;SEASHELLS;9998;3
150600;SUBMISSION;;KELP;SEASHELLS;2035;11
150900;;SUBMISSION;RAINFOREST_RESIN;SEASHELLS;10002;1
151400;;;SQUID_INK;SEASHELLS;1828;1
151400;;;KELP;SEASHELLS;2035;1
151600;;SUBMISSION;KELP;SEASHELLS;2037;1
152000;;;SQUID_INK;SEASHELLS;1826;1
152000;;;KELP;SEASHELLS;2035;1
152400;;SUBMISSION;RAINFOREST_RESIN;SEASHELLS;10004;1
152400;;SUBMISSION;RAINFOREST_RESIN;SEASHELLS;10002;3
152400;;SUBMISSION;KELP;SEASHELLS;2038;1
152400;;;SQUID_INK;SEASHELLS;1832;1
152600;;;KELP;SEASHELLS;2035;2
152600;;;RAINFOREST_RESIN;SEASHELLS;9998;2
152600;;;SQUID_INK;SEASHELLS;1828;2
152800;;;KELP;SEASHELLS;2035;1
152800;;;SQUID_INK;SEASHELLS;1828;1
153200;;;KELP;SEASHELLS;2035;1
153200;;;SQUID_INK;SEASHELLS;1828;1
153600;;SUBMISSION;RAINFOREST_RESIN;SEASHELLS;10002;1
153700;SUBMISSION;;KELP;SEASHELLS;2036;1
153700;SUBMISSION;;RAINFOREST_RESIN;SEASHELLS;9997;1
153700;;;SQUID_INK;SEASHELLS;1824;1
154400;;SUBMISSION;KELP;SEASHELLS;2037;13
154400;SUBMISSION;;RAINFOREST_RESIN;SEASHELLS;9998;1
154400;;;SQUID_INK;SEASHELLS;1833;13
154700;;SUBMISSION;RAINFOREST_RESIN;SEASHELLS;10002;1
154700;;;SQUID_INK;SEASHELLS;1834;1
154700;;;KELP;SEASHELLS;2037;1
155100;;;KELP;SEASHELLS;2035;1
155100;;SUBMISSION;KELP;SEASHELLS;2037;2
155100;;;SQUID_INK;SEASHELLS;1834;2
155100;;;SQUID_INK;SEASHELLS;1831;1
155100;;SUBMISSION;RAINFOREST_RESIN;SEASHELLS;10004;2
155100;;SUBMISSION;RAINFOREST_RESIN;SEASHELLS;10002;1
155200;;;KELP;SEASHELLS;2036;6
155200;;;SQUID_INK;SEASHELLS;1832;6
155300;;;SQUID_INK;SEASHELLS;1831;4
155300;;;KELP;SEASHELLS;2035;4
155600;;SUBMISSION;RAINFOREST_RESIN;SEASHELLS;10002;1
155900;;;SQUID_INK;SEASHELLS;1834;8
155900;;;SQUID_INK;SEASHELLS;1833;9
155900;;;KELP;SEASHELLS;2038;8
156000;;;KELP;SEASHELLS;2035;5
156000;;;KELP;SEASHELLS;2035;3
156000;;;SQUID_INK;SEASHELLS;1832;5
156300;;;SQUID_INK;SEASHELLS;1833;1
156300;;SUBMISSION;RAINFOREST_RESIN;SEASHELLS;10004;1
156300;;SUBMISSION;KELP;SEASHELLS;2038;1
156500;;;SQUID_INK;SEASHELLS;1831;1
156500;;;KELP;SEASHELLS;2035;1
156700;;SUBMISSION;RAINFOREST_RESIN;SEASHELLS;10002;1
157100;;;RAINFOREST_RESIN;SEASHELLS;9998;6
157200;;SUBMISSION;RAINFOREST_RESIN;SEASHELLS;10002;2
157500;SUBMISSION;;RAINFOREST_RESIN;SEASHELLS;9998;12
157500;;SUBMISSION;RAINFOREST_RESIN;SEASHELLS;10002;1
157500;;;SQUID_INK;SEASHELLS;1833;1
157500;;SUBMISSION;KELP;SEASHELLS;2037;1
157600;SUBMISSION;;RAINFOREST_RESIN;SEASHELLS;9998;1
157700;;;KELP;SEASHELLS;2037;1
157700;;;SQUID_INK;SEASHELLS;1829;1
157700;;;SQUID_INK;SEASHELLS;1828;2
158400;;;SQUID_INK;SEASHELLS;1824;6
158400;SUBMISSION;;KELP;SEASHELLS;2036;6
158400;SUBMISSION;;RAINFOREST_RESIN;SEASHELLS;9998;1
159600;;;KELP;SEASHELLS;2036;1
159600;;;SQUID_INK;SEASHELLS;1825;1
159900;;;SQUID_INK;SEASHELLS;1823;5
159900;;;KELP;SEASHELLS;2036;5
160000;SUBMISSION;;RAINFOREST_RESIN;SEASHELLS;9998;1
160200;;;RAINFOREST_RESIN;SEASHELLS;9998;1
160500;;;SQUID_INK;SEASHELLS;1821;8
160500;;;KELP;SEASHELLS;2036;8
160500;;;KELP;SEASHELLS;2038;1
160500;SUBMISSION;;RAINFOREST_RESIN;SEASHELLS;9997;5
160500;;;RAINFOREST_RESIN;SEASHELLS;9997;2
160500;;;SQUID_INK;SEASHELLS;1822;1
160900;;;SQUID_INK;SEASHELLS;1825;2
161100;;;KELP;SEASHELLS;2036;8
161100;;;SQUID_INK;SEASHELLS;1822;8
161300;;SUBMISSION;KELP;SEASHELLS;2038;2
161300;;;SQUID_INK;SEASHELLS;1826;2
161300;;SUBMISSION;RAINFOREST_RESIN;SEASHELLS;10003;2
161400;SUBMISSION;;RAINFOREST_RESIN;SEASHELLS;9998;1
161900;;;RAINFOREST_RESIN;SEASHELLS;10002;4
161900;SUBMISSION;;RAINFOREST_RESIN;SEASHELLS;9998;1
162100;;;SQUID_INK;SEASHELLS;1823;1
162100;;;KELP;SEASHELLS;2036;1
162200;;;SQUID_INK;SEASHELLS;1826;1
162200;;;KELP;SEASHELLS;2036;1
162400;;;SQUID_INK;SEASHELLS;1826;1
162400;;;SQUID_INK;SEASHELLS;1827;3
162400;SUBMISSION;;KELP;SEASHELLS;2036;3
162400;SUBMISSION;;KELP;SEASHELLS;2036;0
162400;SUBMISSION;;KELP;SEASHELLS;2036;1
162500;;SUBMISSION;RAINFOREST_RESIN;SEASHELLS;10003;9
162500;;SUBMISSION;KELP;SEASHELLS;2038;1
162600;SUBMISSION;;KELP;SEASHELLS;2036;4
162600;;;SQUID_INK;SEASHELLS;1826;5
162600;;;KELP;SEASHELLS;2036;1
162900;;SUBMISSION;RAINFOREST_RESIN;SEASHELLS;10002;1
163000;;;SQUID_INK;SEASHELLS;1829;1
163000;SUBMISSION;;KELP;SEASHELLS;2036;1
163300;;;RAINFOREST_RESIN;SEASHELLS;10002;1
163300;;;RAINFOREST_RESIN;SEASHELLS;9998;1
163300;SUBMISSION;;RAINFOREST_RESIN;SEASHELLS;9998;10
163400;;;KELP;SEASHELLS;2036;1
163400;;;SQUID_INK;SEASHELLS;1833;1
163500;;SUBMISSION;RAINFOREST_RESIN;SEASHELLS;10003;7
163600;;;KELP;SEASHELLS;2038;1
163600;;;SQUID_INK;SEASHELLS;1834;1
163900;;;SQUID_INK;SEASHELLS;1834;1
163900;;;KELP;SEASHELLS;2038;1
164400;;;KELP;SEASHELLS;2036;1
164400;;;SQUID_INK;SEASHELLS;1834;1
164700;;SUBMISSION;RAINFOREST_RESIN;SEASHELLS;10002;6
164700;;;RAINFOREST_RESIN;SEASHELLS;10002;6
164900;;;SQUID_INK;SEASHELLS;1835;5
164900;;;SQUID_INK;SEASHELLS;1835;12
164900;SUBMISSION;;KELP;SEASHELLS;2036;5
164900;SUBMISSION;;KELP;SEASHELLS;2036;12
165000;SUBMISSION;;RAINFOREST_RESIN;SEASHELLS;9997;6
165200;;;KELP;SEASHELLS;2036;2
165200;;;KELP;SEASHELLS;2036;1
165200;;;SQUID_INK;SEASHELLS;1840;1
165200;SUBMISSION;;KELP;SEASHELLS;2036;2
165200;;;SQUID_INK;SEASHELLS;1840;2
165200;;;RAINFOREST_RESIN;SEASHELLS;9998;2
165300;SUBMISSION;;RAINFOREST_RESIN;SEASHELLS;9998;6
165400;SUBMISSION;;RAINFOREST_RESIN;SEASHELLS;9998;1
165600;;SUBMISSION;RAINFOREST_RESIN;SEASHELLS;10002;3
165900;;;SQUID_INK;SEASHELLS;1839;9
165900;SUBMISSION;;KELP;SEASHELLS;2036;9
166000;;SUBMISSION;RAINFOREST_RESIN;SEASHELLS;10002;1
166100;;;SQUID_INK;SEASHELLS;1839;8
166100;;;KELP;SEASHELLS;2036;8
167200;;;KELP;SEASHELLS;2038;2
167200;;;SQUID_INK;SEASHELLS;1840;2
167300;SUBMISSION;;RAINFOREST_RESIN;SEASHELLS;9998;3
167500;;SUBMISSION;RAINFOREST_RESIN;SEASHELLS;10002;5
167600;;;RAINFOREST_RESIN;SEASHELLS;9998;1
167600;;;KELP;SEASHELLS;2036;1
167600;;;SQUID_INK;SEASHELLS;1837;1
167700;;;SQUID_INK;SEASHELLS;1841;8
167700;SUBMISSION;;RAINFOREST_RESIN;SEASHELLS;9998;1
167700;;SUBMISSION;KELP;SEASHELLS;2038;8
168500;;SUBMISSION;RAINFOREST_RESIN;SEASHELLS;10002;1
168700;;;SQUID_INK;SEASHELLS;1836;1
168700;;;KELP;SEASHELLS;2036;1
169100;SUBMISSION;;RAINFOREST_RESIN;SEASHELLS;9998;4
169300;;;SQUID_INK;SEASHELLS;1839;4
169300;;;KELP;SEASHELLS;2039;4
169500;;;RAINFOREST_RESIN;SEASHELLS;10002;1
169600;;;KELP;SEASHELLS;2036;1
169600;;;SQUID_INK;SEASHELLS;1839;1
169700;;;KELP;SEASHELLS;2036;1
169700;SUBMISSION;;RAINFOREST_RESIN;SEASHELLS;9997;1
169700;;;SQUID_INK;SEASHELLS;1838;1
169900;;SUBMISSION;RAINFOREST_RESIN;SEASHELLS;10002;1
169900;;;SQUID_INK;SEASHELLS;1838;9
169900;SUBMISSION;;KELP;SEASHELLS;2037;9
170100;;;SQUID_INK;SEASHELLS;1841;3
170100;;;RAINFOREST_RESIN;SEASHELLS;9998;1
170200;;;SQUID_INK;SEASHELLS;1841;14
170200;;;KELP;SEASHELLS;2036;14
170400;;;SQUID_INK;SEASHELLS;1841;1
170400;;;KELP;SEASHELLS;2036;1
170500;SUBMISSION;;RAINFOREST_RESIN;SEASHELLS;9998;1
170700;;;KELP;SEASHELLS;2036;4
170700;;;KELP;SEASHELLS;2036;3
170700;;;SQUID_INK;SEASHELLS;1842;3
170700;;;SQUID_INK;SEASHELLS;1842;4
170800;;SUBMISSION;RAINFOREST_RESIN;SEASHELLS;10003;9
170800;;SUBMISSION;KELP;SEASHELLS;2038;13
170800;;;SQUID_INK;SEASHELLS;1845;13
171000;;SUBMISSION;SQUID_INK;SEASHELLS;1845;8
171000;;SUBMISSION;RAINFOREST_RESIN;SEASHELLS;10002;1
171000;;SUBMISSION;KELP;SEASHELLS;2038;8
171200;;;KELP;SEASHELLS;2036;7
171200;;;SQUID_INK;SEASHELLS;1843;7
171200;;SUBMISSION;KELP;SEASHELLS;2038;1
171200;;SUBMISSION;RAINFOREST_RESIN;SEASHELLS;10003;1
171200;;SUBMISSION;SQUID_INK;SEASHELLS;1845;1
171500;SUBMISSION;;RAINFOREST_RESIN;SEASHELLS;9998;6
171700;;SUBMISSION;RAINFOREST_RESIN;SEASHELLS;10002;8
171800;;;KELP;SEASHELLS;2038;1
171900;SUBMISSION;;RAINFOREST_RESIN;SEASHELLS;9998;1
172300;;;RAINFOREST_RESIN;SEASHELLS;10002;1
172300;;SUBMISSION;RAINFOREST_RESIN;SEASHELLS;10002;3
172400;;;SQUID_INK;SEASHELLS;1839;1
172400;;;KELP;SEASHELLS;2036;1
172700;;;SQUID_INK;SEASHELLS;1841;1
172700;;;KELP;SEASHELLS;2038;1
173000;SUBMISSION;;RAINFOREST_RESIN;SEASHELLS;9998;3
173300;;;SQUID_INK;SEASHELLS;1838;1
173300;;;KELP;SEASHELLS;2035;1
173900;SUBMISSION;;RAINFOREST_RESIN;SEASHELLS;9996;4
174100;SUBMISSION;;RAINFOREST_RESIN;SEASHELLS;9996;4
174200;;;RAINFOREST_RESIN;SEASHELLS;9998;1
175100;SUBMISSION;;RAINFOREST_RESIN;SEASHELLS;9997;5
175500;;;RAINFOREST_RESIN;SEASHELLS;9995;2
175500;SUBMISSION;;KELP;SEASHELLS;2036;1
175500;SUBMISSION;;KELP;SEASHELLS;2036;2
175500;;;SQUID_INK;SEASHELLS;1834;2
175500;;;SQUID_INK;SEASHELLS;1834;1
175600;;;SQUID_INK;SEASHELLS;1832;1
175600;;;KELP;SEASHELLS;2036;1
175700;;SUBMISSION;RAINFOREST_RESIN;SEASHELLS;10002;1
175800;SUBMISSION;;KELP;SEASHELLS;2036;14
175800;;SUBMISSION;RAINFOREST_RESIN;SEASHELLS;10002;3
175800;;;SQUID_INK;SEASHELLS;1830;14
176100;;SUBMISSION;RAINFOREST_RESIN;SEASHELLS;10002;1
176200;;SUBMISSION;KELP;SEASHELLS;2038;1
176400;;;SQUID_INK;SEASHELLS;1832;2
176400;SUBMISSION;;RAINFOREST_RESIN;SEASHELLS;9998;5
176900;;SUBMISSION;RAINFOREST_RESIN;SEASHELLS;10004;8
177200;SUBMISSION;;RAINFOREST_RESIN;SEASHELLS;9998;3
177500;;;SQUID_INK;SEASHELLS;1830;7
177500;;;KELP;SEASHELLS;2036;7
177600;;SUBMISSION;KELP;SEASHELLS;2038;2
177600;;;KELP;SEASHELLS;2036;1
177600;;;SQUID_INK;SEASHELLS;1829;1
177600;;SUBMISSION;RAINFOREST_RESIN;SEASHELLS;10003;2
177600;;;SQUID_INK;SEASHELLS;1832;2
177700;;;SQUID_INK;SEASHELLS;1828;1
177700;;;KELP;SEASHELLS;2036;1
178300;;;KELP;SEASHELLS;2036;1
178300;;;KELP;SEASHELLS;2036;7
178300;;;SQUID_INK;SEASHELLS;1827;7
178300;;;SQUID_INK;SEASHELLS;1827;1
178500;;;KELP;SEASHELLS;2036;1
178500;;;SQUID_INK;SEASHELLS;1827;1
178600;;;KELP;SEASHELLS;2038;1
179800;;;KELP;SEASHELLS;2038;1
179800;;;SQUID_INK;SEASHELLS;1833;1
180000;;;KELP;SEASHELLS;2038;1
180000;;;SQUID_INK;SEASHELLS;1833;1
180000;;SUBMISSION;RAINFOREST_RESIN;SEASHELLS;10002;5
180200;;;KELP;SEASHELLS;2036;1
180200;;;SQUID_INK;SEASHELLS;1832;1
180300;;SUBMISSION;RAINFOREST_RESIN;SEASHELLS;10002;1
180500;;;SQUID_INK;SEASHELLS;1834;4
180500;;;KELP;SEASHELLS;2036;4
180600;;;RAINFOREST_RESIN;SEASHELLS;10000;3
180600;;;KELP;SEASHELLS;2036;3
180700;SUBMISSION;;RAINFOREST_RESIN;SEASHELLS;9997;6
180900;;;RAINFOREST_RESIN;SEASHELLS;9998;1
181100;;SUBMISSION;RAINFOREST_RESIN;SEASHELLS;10002;4
181200;SUBMISSION;;RAINFOREST_RESIN;SEASHELLS;9997;6
181600;SUBMISSION;;RAINFOREST_RESIN;SEASHELLS;9996;2
181600;SUBMISSION;;KELP;SEASHELLS;2036;2
181600;;;SQUID_INK;SEASHELLS;1834;2
182100;;SUBMISSION;RAINFOREST_RESIN;SEASHELLS;10002;5
182100;;SUBMISSION;RAINFOREST_RESIN;SEASHELLS;10003;5
182100;;;KELP;SEASHELLS;2035;1
182100;;;SQUID_INK;SEASHELLS;1833;1
182200;SUBMISSION;;RAINFOREST_RESIN;SEASHELLS;9998;1
182300;;SUBMISSION;RAINFOREST_RESIN;SEASHELLS;10004;7
182300;;SUBMISSION;RAINFOREST_RESIN;SEASHELLS;10004;8
182500;;SUBMISSION;RAINFOREST_RESIN;SEASHELLS;10002;3
182800;;;SQUID_INK;SEASHELLS;1839;1
182800;;;KELP;SEASHELLS;2037;1
183000;;SUBMISSION;KELP;SEASHELLS;2037;1
183000;;SUBMISSION;RAINFOREST_RESIN;SEASHELLS;10003;1
183000;;;SQUID_INK;SEASHELLS;1841;1
183100;SUBMISSION;;RAINFOREST_RESIN;SEASHELLS;9998;1
183200;SUBMISSION;;RAINFOREST_RESIN;SEASHELLS;9998;1
183600;;;SQUID_INK;SEASHELLS;1838;1
183600;;;KELP;SEASHELLS;2035;1
183800;;;SQUID_INK;SEASHELLS;1839;1
183800;;SUBMISSION;RAINFOREST_RESIN;SEASHELLS;10002;2
183800;;SUBMISSION;RAINFOREST_RESIN;SEASHELLS;10002;1
183800;;;KELP;SEASHELLS;2035;1
184200;SUBMISSION;;RAINFOREST_RESIN;SEASHELLS;9998;1
184300;;;SQUID_INK;SEASHELLS;1839;1
184500;SUBMISSION;;RAINFOREST_RESIN;SEASHELLS;9998;2
184600;;;KELP;SEASHELLS;2035;1
184600;;;SQUID_INK;SEASHELLS;1835;1
184700;;;KELP;SEASHELLS;2035;1
184700;;;SQUID_INK;SEASHELLS;1836;1
185100;;SUBMISSION;KELP;SEASHELLS;2038;1
185100;;SUBMISSION;RAINFOREST_RESIN;SEASHELLS;10003;6
185100;;;SQUID_INK;SEASHELLS;1839;1
185200;;;SQUID_INK;SEASHELLS;1837;1
185200;;;KELP;SEASHELLS;2035;1
185300;SUBMISSION;;RAINFOREST_RESIN;SEASHELLS;9997;2
185300;;;SQUID_INK;SEASHELLS;1839;1
185300;;;KELP;SEASHELLS;2038;1
185400;SUBMISSION;;RAINFOREST_RESIN;SEASHELLS;9998;1
185500;;;SQUID_INK;SEASHELLS;1837;1
185500;;;KELP;SEASHELLS;2035;1
185500;SUBMISSION;;RAINFOREST_RESIN;SEASHELLS;9998;1
185700;;SUBMISSION;KELP;SEASHELLS;2038;1
186000;SUBMISSION;;RAINFOREST_RESIN;SEASHELLS;9998;3
186000;;;RAINFOREST_RESIN;SEASHELLS;9998;1
186300;;;SQUID_INK;SEASHELLS;1838;1
186300;;;KELP;SEASHELLS;2038;1
186500;;;RAINFOREST_RESIN;SEASHELLS;10002;1
186600;;;RAINFOREST_RESIN;SEASHELLS;9998;5
187000;;;SQUID_INK;SEASHELLS;1837;2
187000;;SUBMISSION;RAINFOREST_RESIN;SEASHELLS;10002;2
187000;;;RAINFOREST_RESIN;SEASHELLS;10002;1
187000;;;SQUID_INK;SEASHELLS;1837;1
187000;;;KELP;SEASHELLS;2036;1
187000;;;KELP;SEASHELLS;2036;2
187500;;;SQUID_INK;SEASHELLS;1835;1
187500;;;KELP;SEASHELLS;2038;1
187600;;SUBMISSION;RAINFOREST_RESIN;SEASHELLS;10002;1
187800;;;RAINFOREST_RESIN;SEASHELLS;9998;5
188000;;SUBMISSION;KELP;SEASHELLS;2038;9
188000;;;SQUID_INK;SEASHELLS;1836;9
188100;;SUBMISSION;RAINFOREST_RESIN;SEASHELLS;10002;1
188200;;SUBMISSION;RAINFOREST_RESIN;SEASHELLS;10002;1
188300;SUBMISSION;;RAINFOREST_RESIN;SEASHELLS;9998;1
188300;SUBMISSION;;RAINFOREST_RESIN;SEASHELLS;9997;1
188300;;;KELP;SEASHELLS;2036;1
188300;;;SQUID_INK;SEASHELLS;1833;1
188400;;SUBMISSION;RAINFOREST_RESIN;SEASHELLS;10002;2
188500;;;KELP;SEASHELLS;2038;1
188500;;;SQUID_INK;SEASHELLS;1836;1
188700;;SUBMISSION;RAINFOREST_RESIN;SEASHELLS;10003;10
188800;;;KELP;SEASHELLS;2037;3
188900;;;KELP;SEASHELLS;2038;6
188900;;SUBMISSION;RAINFOREST_RESIN;SEASHELLS;10003;10
188900;;;SQUID_INK;SEASHELLS;1836;6
188900;;SUBMISSION;KELP;SEASHELLS;2038;3
188900;SUBMISSION;;RAINFOREST_RESIN;SEASHELLS;9997;6
189100;;SUBMISSION;KELP;SEASHELLS;2038;3
189100;;SUBMISSION;RAINFOREST_RESIN;SEASHELLS;10002;4
189700;;;SQUID_INK;SEASHELLS;1833;1
189700;;SUBMISSION;RAINFOREST_RESIN;SEASHELLS;10002;1
189700;;;KELP;SEASHELLS;2037;1
189800;;;KELP;SEASHELLS;2039;1
189900;SUBMISSION;;RAINFOREST_RESIN;SEASHELLS;9998;9
190300;;SUBMISSION;RAINFOREST_RESIN;SEASHELLS;10003;10
190500;;;KELP;SEASHELLS;2036;1
190500;;;SQUID_INK;SEASHELLS;1834;1
190600;SUBMISSION;;RAINFOREST_RESIN;SEASHELLS;9997;8
190600;;;SQUID_INK;SEASHELLS;1836;1
190600;;;KELP;SEASHELLS;2038;1
190800;;;KELP;SEASHELLS;2038;1
190800;;;SQUID_INK;SEASHELLS;1836;1
191300;;;KELP;SEASHELLS;2038;1
191300;;;SQUID_INK;SEASHELLS;1834;1
191300;;;SQUID_INK;SEASHELLS;1834;4
191300;;;KELP;SEASHELLS;2038;4
191400;;;SQUID_INK;SEASHELLS;1833;1
191400;;;KELP;SEASHELLS;2038;1
191500;;SUBMISSION;RAINFOREST_RESIN;SEASHELLS;10003;3
191800;;;SQUID_INK;SEASHELLS;1831;2
191800;SUBMISSION;;KELP;SEASHELLS;2037;2
191800;SUBMISSION;;RAINFOREST_RESIN;SEASHELLS;9996;2
191800;SUBMISSION;;RAINFOREST_RESIN;SEASHELLS;9998;4
192000;;;KELP;SEASHELLS;2038;1
192000;SUBMISSION;;RAINFOREST_RESIN;SEASHELLS;9998;1
192000;;;SQUID_INK;SEASHELLS;1831;1
192100;;;SQUID_INK;SEASHELLS;1832;1
192100;;;KELP;SEASHELLS;2038;1
192200;;;RAINFOREST_RESIN;SEASHELLS;10002;1
192400;;;SQUID_INK;SEASHELLS;1831;1
192400;;;KELP;SEASHELLS;2036;1
192600;;;SQUID_INK;SEASHELLS;1834;1
192600;;;KELP;SEASHELLS;2036;1
192600;SUBMISSION;;RAINFOREST_RESIN;SEASHELLS;9998;1
192700;;SUBMISSION;RAINFOREST_RESIN;SEASHELLS;10002;3
192700;;;RAINFOREST_RESIN;SEASHELLS;10002;4
192900;;;KELP;SEASHELLS;2038;1
192900;;;SQUID_INK;SEASHELLS;1834;1
193300;SUBMISSION;;RAINFOREST_RESIN;SEASHELLS;9998;1
193400;;;SQUID_INK;SEASHELLS;1831;9
193400;;;KELP;SEASHELLS;2036;9
193500;;;SQUID_INK;SEASHELLS;1834;7
193500;;SUBMISSION;KELP;SEASHELLS;2038;7
194100;;;SQUID_INK;SEASHELLS;1836;1
194100;;;KELP;SEASHELLS;2036;1
194200;SUBMISSION;;RAINFOREST_RESIN;SEASHELLS;9998;1
194400;;SUBMISSION;RAINFOREST_RESIN;SEASHELLS;10002;1
194500;;;SQUID_INK;SEASHELLS;1838;4
195100;;;KELP;SEASHELLS;2038;1
195100;;;SQUID_INK;SEASHELLS;1837;1
195200;;;SQUID_INK;SEASHELLS;1835;6
195400;;;KELP;SEASHELLS;2038;1
195400;;;SQUID_INK;SEASHELLS;1839;1
195600;;SUBMISSION;RAINFOREST_RESIN;SEASHELLS;10002;1
195700;;SUBMISSION;KELP;SEASHELLS;2038;1
195700;;;SQUID_INK;SEASHELLS;1839;1
195700;;;RAINFOREST_RESIN;SEASHELLS;10002;1
196800;;;SQUID_INK;SEASHELLS;1831;1
196800;SUBMISSION;;RAINFOREST_RESIN;SEASHELLS;9996;1
196800;;;KELP;SEASHELLS;2036;1
197000;;;KELP;SEASHELLS;2038;4
197700;;;KELP;SEASHELLS;2038;1
197700;;;SQUID_INK;SEASHELLS;1832;1
198100;SUBMISSION;;RAINFOREST_RESIN;SEASHELLS;9996;6
198400;;;SQUID_INK;SEASHELLS;1829;1
198400;;;KELP;SEASHELLS;2036;1
198700;;;SQUID_INK;SEASHELLS;1830;1
198700;;;KELP;SEASHELLS;2036;1
198800;;SUBMISSION;KELP;SEASHELLS;2038;2
198800;;SUBMISSION;RAINFOREST_RESIN;SEASHELLS;10003;2
198800;;;SQUID_INK;SEASHELLS;1833;2
199000;SUBMISSION;;RAINFOREST_RESIN;SEASHELLS;9998;4
199100;;;KELP;SEASHELLS;2038;1
199100;;;SQUID_INK;SEASHELLS;1830;1
199200;;;KELP;SEASHELLS;2037;1
199200;;SUBMISSION;RAINFOREST_RESIN;SEASHELLS;10002;1
199200;;;SQUID_INK;SEASHELLS;1829;4
199200;;;SQUID_INK;SEASHELLS;1829;1
199300;;;KELP;SEASHELLS;2039;1
199300;;SUBMISSION;RAINFOREST_RESIN;SEASHELLS;10002;1
199300;SUBMISSION;;RAINFOREST_RESIN;SEASHELLS;9998;1
199300;;;SQUID_INK;SEASHELLS;1829;1
199400;;;KELP;SEASHELLS;2036;1
199400;;;SQUID_INK;SEASHELLS;1826;1
199600;;;KELP;SEASHELLS;2038;1
199600;;;SQUID_INK;SEASHELLS;1829;1
199600;;;SQUID_INK;SEASHELLS;1829;2
199600;;;KELP;SEASHELLS;2038;2
199600;;SUBMISSION;RAINFOREST_RESIN;SEASHELLS;10003;2
199900;;;SQUID_INK;SEASHELLS;1823;4
199900;;;KELP;SEASHELLS;2037;4
200000;SUBMISSION;;RAINFOREST_RESIN;SEASHELLS;9997;5
200100;;;KELP;SEASHELLS;2038;1
200100;;;SQUID_INK;SEASHELLS;1872;1
200300;;;SQUID_INK;SEASHELLS;2013;15
200700;SUBMISSION;;RAINFOREST_RESIN;SEASHELLS;9998;1
200900;;;SQUID_INK;SEASHELLS;1980;1
200900;SUBMISSION;;KELP;SEASHELLS;2036;3
200900;;;SQUID_INK;SEASHELLS;1980;2
200900;SUBMISSION;;RAINFOREST_RESIN;SEASHELLS;9997;6
201000;;;SQUID_INK;SEASHELLS;1974;9
201000;SUBMISSION;;KELP;SEASHELLS;2036;9
201100;SUBMISSION;;RAINFOREST_RESIN;SEASHELLS;9998;1
201400;SUBMISSION;;RAINFOREST_RESIN;SEASHELLS;9998;10
201400;SUBMISSION;;RAINFOREST_RESIN;SEASHELLS;9998;1
201500;;;RAINFOREST_RESIN;SEASHELLS;10002;1
201600;;;RAINFOREST_RESIN;SEASHELLS;9998;1
201800;;SUBMISSION;RAINFOREST_RESIN;SEASHELLS;10002;1
202100;SUBMISSION;;RAINFOREST_RESIN;SEASHELLS;9998;1
202100;;;SQUID_INK;SEASHELLS;1922;3
202200;;;KELP;SEASHELLS;2038;2
202200;;SUBMISSION;SQUID_INK;SEASHELLS;1921;2
202200;;;RAINFOREST_RESIN;SEASHELLS;10002;2
202800;;;SQUID_INK;SEASHELLS;1938;1
202800;;SUBMISSION;RAINFOREST_RESIN;SEASHELLS;10002;1
202800;SUBMISSION;;RAINFOREST_RESIN;SEASHELLS;9998;1
202800;;;KELP;SEASHELLS;2035;1
203200;SUBMISSION;;RAINFOREST_RESIN;SEASHELLS;9998;1
203500;;;SQUID_INK;SEASHELLS;1944;2
203500;SUBMISSION;;KELP;SEASHELLS;2036;2
203500;SUBMISSION;;RAINFOREST_RESIN;SEASHELLS;9997;2
204000;;SUBMISSION;RAINFOREST_RESIN;SEASHELLS;10003;11
204000;;;KELP;SEASHELLS;2036;5
204000;SUBMISSION;;KELP;SEASHELLS;2036;5
204000;;;SQUID_INK;SEASHELLS;1951;5
204100;;;KELP;SEASHELLS;2037;1
204100;;;SQUID_INK;SEASHELLS;1932;1
204400;SUBMISSION;;RAINFOREST_RESIN;SEASHELLS;9998;1
204500;;;KELP;SEASHELLS;2037;4
204500;;;SQUID_INK;SEASHELLS;1923;4
204600;SUBMISSION;;RAINFOREST_RESIN;SEASHELLS;9997;1
204600;SUBMISSION;;KELP;SEASHELLS;2036;1
204600;;;SQUID_INK;SEASHELLS;1926;1
205100;SUBMISSION;;RAINFOREST_RESIN;SEASHELLS;9998;1
205300;;SUBMISSION;KELP;SEASHELLS;2038;1
205300;SUBMISSION;;RAINFOREST_RESIN;SEASHELLS;9998;1
205500;;;KELP;SEASHELLS;2036;1
205500;SUBMISSION;;KELP;SEASHELLS;2036;2
205500;SUBMISSION;;RAINFOREST_RESIN;SEASHELLS;9998;1
205500;SUBMISSION;;KELP;SEASHELLS;2036;1
205500;SUBMISSION;;RAINFOREST_RESIN;SEASHELLS;9997;1
205500;;;SQUID_INK;SEASHELLS;1946;1
205500;;;SQUID_INK;SEASHELLS;1945;1
205700;;;SQUID_INK;SEASHELLS;1949;1
205800;;SUBMISSION;RAINFOREST_RESIN;SEASHELLS;10002;1
205800;;SUBMISSION;KELP;SEASHELLS;2038;1
206100;;;SQUID_INK;SEASHELLS;1962;1
206100;SUBMISSION;;KELP;SEASHELLS;2036;1
206200;SUBMISSION;;RAINFOREST_RESIN;SEASHELLS;9998;1
206300;;SUBMISSION;RAINFOREST_RESIN;SEASHELLS;10003;1
206300;;SUBMISSION;KELP;SEASHELLS;2038;1
206300;;SUBMISSION;SQUID_INK;SEASHELLS;1969;1
206400;;SUBMISSION;KELP;SEASHELLS;2038;1
206500;SUBMISSION;;RAINFOREST_RESIN;SEASHELLS;9997;12
206500;SUBMISSION;;KELP;SEASHELLS;2037;1
206500;SUBMISSION;;RAINFOREST_RESIN;SEASHELLS;9997;1
206500;;;SQUID_INK;SEASHELLS;1960;1
206800;;;SQUID_INK;SEASHELLS;1963;4
206800;;;KELP;SEASHELLS;2036;4
207400;;SUBMISSION;RAINFOREST_RESIN;SEASHELLS;10002;4
207500;;;RAINFOREST_RESIN;SEASHELLS;10002;1
207600;;;KELP;SEASHELLS;2038;1
207600;;;SQUID_INK;SEASHELLS;1961;1
207600;;;KELP;SEASHELLS;2037;4
207800;;;KELP;SEASHELLS;2036;1
207800;;;SQUID_INK;SEASHELLS;1953;11
207800;;;SQUID_INK;SEASHELLS;1953;1
207800;;;KELP;SEASHELLS;2036;11
207900;;;KELP;SEASHELLS;2036;1
207900;SUBMISSION;;RAINFOREST_RESIN;SEASHELLS;9998;1
207900;;;SQUID_INK;SEASHELLS;1952;1
208000;;SUBMISSION;KELP;SEASHELLS;2038;14
208000;SUBMISSION;;RAINFOREST_RESIN;SEASHELLS;9998;1
208000;;;SQUID_INK;SEASHELLS;1955;14
208100;;;RAINFOREST_RESIN;SEASHELLS;9998;6
208300;;SUBMISSION;RAINFOREST_RESIN;SEASHELLS;10004;9
208400;SUBMISSION;;RAINFOREST_RESIN;SEASHELLS;9997;2
208400;;;KELP;SEASHELLS;2038;1
208400;;;SQUID_INK;SEASHELLS;1949;1
209000;SUBMISSION;;RAINFOREST_RESIN;SEASHELLS;9998;4
209200;;;RAINFOREST_RESIN;SEASHELLS;9998;2
209200;;;SQUID_INK;SEASHELLS;1952;2
209200;SUBMISSION;;KELP;SEASHELLS;2037;2
209800;SUBMISSION;;RAINFOREST_RESIN;SEASHELLS;9998;1
210100;SUBMISSION;;RAINFOREST_RESIN;SEASHELLS;9998;1
210500;;SUBMISSION;RAINFOREST_RESIN;SEASHELLS;10002;1
210600;;SUBMISSION;RAINFOREST_RESIN;SEASHELLS;10002;1
210800;;;SQUID_INK;SEASHELLS;1957;1
210800;SUBMISSION;;RAINFOREST_RESIN;SEASHELLS;9998;2
210800;;;KELP;SEASHELLS;2036;1
210900;SUBMISSION;;RAINFOREST_RESIN;SEASHELLS;9998;6
211000;;;RAINFOREST_RESIN;SEASHELLS;9998;1
211600;;;KELP;SEASHELLS;2038;5
211600;;;SQUID_INK;SEASHELLS;1961;5
212100;;;KELP;SEASHELLS;2039;1
212100;;;SQUID_INK;SEASHELLS;1951;1
212100;;SUBMISSION;RAINFOREST_RESIN;SEASHELLS;10003;1
212200;;;KELP;SEASHELLS;2038;1
212200;;;SQUID_INK;SEASHELLS;1952;1
212600;;SUBMISSION;RAINFOREST_RESIN;SEASHELLS;10002;5
212800;;SUBMISSION;RAINFOREST_RESIN;SEASHELLS;10002;1
213400;SUBMISSION;;KELP;SEASHELLS;2037;1
213400;;;KELP;SEASHELLS;2036;1
213400;;;SQUID_INK;SEASHELLS;1958;1
213400;SUBMISSION;;RAINFOREST_RESIN;SEASHELLS;9996;1
213500;;SUBMISSION;KELP;SEASHELLS;2039;1
213600;SUBMISSION;;RAINFOREST_RESIN;SEASHELLS;9997;6
213600;;;RAINFOREST_RESIN;SEASHELLS;9997;6
213700;;;SQUID_INK;SEASHELLS;1950;1
213700;;;KELP;SEASHELLS;2037;1
213700;;;RAINFOREST_RESIN;SEASHELLS;9996;1
213800;;;RAINFOREST_RESIN;SEASHELLS;9998;1
213900;;;KELP;SEASHELLS;2036;1
214000;;;SQUID_INK;SEASHELLS;1953;1
214400;;;RAINFOREST_RESIN;SEASHELLS;9998;1
214500;;;SQUID_INK;SEASHELLS;1962;3
214700;;;RAINFOREST_RESIN;SEASHELLS;9998;1
215000;;;RAINFOREST_RESIN;SEASHELLS;9998;1
215100;;;KELP;SEASHELLS;2038;3
215100;;;RAINFOREST_RESIN;SEASHELLS;10002;1
215100;;;SQUID_INK;SEASHELLS;1962;3
215500;;;RAINFOREST_RESIN;SEASHELLS;9996;1
215500;;;RAINFOREST_RESIN;SEASHELLS;9998;1
215500;SUBMISSION;;KELP;SEASHELLS;2038;2
215500;;;SQUID_INK;SEASHELLS;1957;1
215500;;;KELP;SEASHELLS;2037;1
215500;;;SQUID_INK;SEASHELLS;1957;2
215600;;;KELP;SEASHELLS;2039;3
215600;;SUBMISSION;RAINFOREST_RESIN;SEASHELLS;10002;1
215600;;;SQUID_INK;SEASHELLS;1959;3
215700;;;KELP;SEASHELLS;2037;4
215800;;;KELP;SEASHELLS;2037;1
215800;;;SQUID_INK;SEASHELLS;1958;1
216000;SUBMISSION;;RAINFOREST_RESIN;SEASHELLS;9998;1
216200;;;KELP;SEASHELLS;2037;1
216500;;;KELP;SEASHELLS;2039;1
216500;;;SQUID_INK;SEASHELLS;1950;1
216900;;;SQUID_INK;SEASHELLS;1946;3
216900;;;KELP;SEASHELLS;2037;3
217100;;;SQUID_INK;SEASHELLS;1950;1
217100;;;KELP;SEASHELLS;2039;1
217200;;;RAINFOREST_RESIN;SEASHELLS;9998;1
217400;;;SQUID_INK;SEASHELLS;1947;1
217400;;;RAINFOREST_RESIN;SEASHELLS;10002;1
217400;;;KELP;SEASHELLS;2037;1
217700;;;SQUID_INK;SEASHELLS;1942;1
217700;;;KELP;SEASHELLS;2038;5
217700;;;KELP;SEASHELLS;2037;1
218100;;;SQUID_INK;SEASHELLS;1938;1
218100;;;RAINFOREST_RESIN;SEASHELLS;9996;1
218100;SUBMISSION;;KELP;SEASHELLS;2038;1
218300;;SUBMISSION;RAINFOREST_RESIN;SEASHELLS;10003;8
218300;;SUBMISSION;RAINFOREST_RESIN;SEASHELLS;10002;1
218400;;;KELP;SEASHELLS;2039;1
218400;;SUBMISSION;RAINFOREST_RESIN;SEASHELLS;10002;1
218400;;;SQUID_INK;SEASHELLS;1939;1
218700;;;SQUID_INK;SEASHELLS;1937;4
218700;SUBMISSION;;KELP;SEASHELLS;2038;10
218700;;;SQUID_INK;SEASHELLS;1937;6
218800;;;SQUID_INK;SEASHELLS;1935;1
218800;;;KELP;SEASHELLS;2037;1
219000;SUBMISSION;;RAINFOREST_RESIN;SEASHELLS;9997;1
219000;;;KELP;SEASHELLS;2037;1
219000;;;SQUID_INK;SEASHELLS;1935;1
219200;;;KELP;SEASHELLS;2037;12
219200;;;SQUID_INK;SEASHELLS;1934;12
219300;;;RAINFOREST_RESIN;SEASHELLS;9998;2
219400;;;SQUID_INK;SEASHELLS;1936;13
219400;;;KELP;SEASHELLS;2040;13
219400;SUBMISSION;;RAINFOREST_RESIN;SEASHELLS;9998;1
219500;SUBMISSION;;RAINFOREST_RESIN;SEASHELLS;9998;1
219800;;;KELP;SEASHELLS;2039;1
219800;;;SQUID_INK;SEASHELLS;1942;1
220500;;SUBMISSION;RAINFOREST_RESIN;SEASHELLS;10002;1
220600;;;KELP;SEASHELLS;2037;1
220600;;;SQUID_INK;SEASHELLS;1933;1
220700;;SUBMISSION;RAINFOREST_RESIN;SEASHELLS;10002;7
220800;;;SQUID_INK;SEASHELLS;1933;4
220800;;;KELP;SEASHELLS;2038;4
221000;;SUBMISSION;KELP;SEASHELLS;2039;2
221000;;;SQUID_INK;SEASHELLS;1937;2
221000;;SUBMISSION;RAINFOREST_RESIN;SEASHELLS;10004;2
221200;SUBMISSION;;RAINFOREST_RESIN;SEASHELLS;9997;2
221300;;SUBMISSION;RAINFOREST_RESIN;SEASHELLS;10003;6
221400;SUBMISSION;;RAINFOREST_RESIN;SEASHELLS;9996;6
221600;;;SQUID_INK;SEASHELLS;1930;2
221600;;;KELP;SEASHELLS;2037;2
221800;;SUBMISSION;RAINFOREST_RESIN;SEASHELLS;10003;7
222200;;;KELP;SEASHELLS;2038;4
222200;;;SQUID_INK;SEASHELLS;1929;4
222400;;SUBMISSION;KELP;SEASHELLS;2039;9
222400;;;SQUID_INK;SEASHELLS;1928;2
222700;SUBMISSION;;RAINFOREST_RESIN;SEASHELLS;9998;1
222800;;;KELP;SEASHELLS;2037;2
222800;SUBMISSION;;KELP;SEASHELLS;2037;6
223000;;;KELP;SEASHELLS;2037;1
223000;;;SQUID_INK;SEASHELLS;1932;1
223100;;;KELP;SEASHELLS;2037;1
223500;;;SQUID_INK;SEASHELLS;1936;1
223500;;;KELP;SEASHELLS;2039;1
223700;;SUBMISSION;RAINFOREST_RESIN;SEASHELLS;10002;1
223800;;;KELP;SEASHELLS;2038;4
224200;;;SQUID_INK;SEASHELLS;1935;1
224200;;;KELP;SEASHELLS;2037;1
224400;;;SQUID_INK;SEASHELLS;1938;1
224400;;SUBMISSION;RAINFOREST_RESIN;SEASHELLS;10004;1
224400;;SUBMISSION;KELP;SEASHELLS;2039;1
225100;;;KELP;SEASHELLS;2037;1
225100;;;SQUID_INK;SEASHELLS;1936;1
225200;SUBMISSION;;KELP;SEASHELLS;2037;1
225200;;;KELP;SEASHELLS;2037;1
225200;;;RAINFOREST_RESIN;SEASHELLS;9998;2
225200;;;SQUID_INK;SEASHELLS;1935;2
225300;SUBMISSION;;RAINFOREST_RESIN;SEASHELLS;9997;7
225300;SUBMISSION;;RAINFOREST_RESIN;SEASHELLS;9998;5
225700;;;RAINFOREST_RESIN;SEASHELLS;10002;1
225900;;;RAINFOREST_RESIN;SEASHELLS;10002;2
226000;SUBMISSION;;RAINFOREST_RESIN;SEASHELLS;9998;1
226200;;;SQUID_INK;SEASHELLS;1937;1
226200;;;KELP;SEASHELLS;2037;1
226400;SUBMISSION;;RAINFOREST_RESIN;SEASHELLS;9998;1
226500;SUBMISSION;;RAINFOREST_RESIN;SEASHELLS;9998;1
226900;;;KELP;SEASHELLS;2037;1
226900;;SUBMISSION;RAINFOREST_RESIN;SEASHELLS;10002;1
226900;;;SQUID_INK;SEASHELLS;1939;1
226900;;SUBMISSION;RAINFOREST_RESIN;SEASHELLS;10002;3
227000;;;RAINFOREST_RESIN;SEASHELLS;10002;1
227200;SUBMISSION;;RAINFOREST_RESIN;SEASHELLS;9996;1
227200;SUBMISSION;;KELP;SEASHELLS;2037;1
227200;;;SQUID_INK;SEASHELLS;1940;1
227300;SUBMISSION;;RAINFOREST_RESIN;SEASHELLS;9998;1
227800;;SUBMISSION;RAINFOREST_RESIN;SEASHELLS;10002;2
227800;;;RAINFOREST_RESIN;SEASHELLS;10002;1
227900;SUBMISSION;;RAINFOREST_RESIN;SEASHELLS;9998;2
228100;SUBMISSION;;RAINFOREST_RESIN;SEASHELLS;9998;1
228400;;;SQUID_INK;SEASHELLS;1935;1
228400;;;KELP;SEASHELLS;2038;1
228400;;;RAINFOREST_RESIN;SEASHELLS;9998;2
228500;SUBMISSION;;KELP;SEASHELLS;2037;5
228700;;SUBMISSION;KELP;SEASHELLS;2039;12
228700;;;SQUID_INK;SEASHELLS;1935;12
229100;;SUBMISSION;RAINFOREST_RESIN;SEASHELLS;10002;4
229500;;;RAINFOREST_RESIN;SEASHELLS;9998;1
229700;SUBMISSION;;RAINFOREST_RESIN;SEASHELLS;9998;1
229800;;SUBMISSION;KELP;SEASHELLS;2039;1
229800;;;RAINFOREST_RESIN;SEASHELLS;10002;0
229800;;SUBMISSION;RAINFOREST_RESIN;SEASHELLS;10002;1
229800;;;RAINFOREST_RESIN;SEASHELLS;10002;7
229800;SUBMISSION;;RAINFOREST_RESIN;SEASHELLS;9996;5
229800;;;SQUID_INK;SEASHELLS;1932;1
229800;;SUBMISSION;RAINFOREST_RESIN;SEASHELLS;10002;3
230000;SUBMISSION;;RAINFOREST_RESIN;SEASHELLS;9998;1
230400;SUBMISSION;;RAINFOREST_RESIN;SEASHELLS;9998;1
230700;;;RAINFOREST_RESIN;SEASHELLS;9998;1
230800;SUBMISSION;;RAINFOREST_RESIN;SEASHELLS;9998;1
230900;;;RAINFOREST_RESIN;SEASHELLS;10000;1
230900;;;KELP;SEASHELLS;2038;1
230900;;;SQUID_INK;SEASHELLS;1935;1
231400;;;KELP;SEASHELLS;2037;1
231400;;;SQUID_INK;SEASHELLS;1934;1
231500;;;SQUID_INK;SEASHELLS;1934;1
231500;;;KELP;SEASHELLS;2037;1
232000;;;SQUID_INK;SEASHELLS;1936;1
232000;;;KELP;SEASHELLS;2037;1
232400;;SUBMISSION;RAINFOREST_RESIN;SEASHELLS;10002;1
232500;;;SQUID_INK;SEASHELLS;1935;2
232500;SUBMISSION;;RAINFOREST_RESIN;SEASHELLS;9997;2
232500;SUBMISSION;;KELP;SEASHELLS;2037;1
232500;;;KELP;SEASHELLS;2037;1
232800;;;SQUID_INK;SEASHELLS;1937;12
232800;;;SQUID_INK;SEASHELLS;1937;1
232800;SUBMISSION;;KELP;SEASHELLS;2038;13
233000;;;SQUID_INK;SEASHELLS;1938;1
233000;;;KELP;SEASHELLS;2037;1
233300;;SUBMISSION;KELP;SEASHELLS;2039;2
233300;;SUBMISSION;RAINFOREST_RESIN;SEASHELLS;10002;2
233300;SUBMISSION;;RAINFOREST_RESIN;SEASHELLS;9998;1
233300;;;SQUID_INK;SEASHELLS;1942;2
233300;;;SQUID_INK;SEASHELLS;1941;1
233500;SUBMISSION;;RAINFOREST_RESIN;SEASHELLS;9998;2
233500;;;KELP;SEASHELLS;2038;1
233500;SUBMISSION;;KELP;SEASHELLS;2037;2
233500;;;SQUID_INK;SEASHELLS;1939;1
233500;;;SQUID_INK;SEASHELLS;1937;2
233500;;SUBMISSION;RAINFOREST_RESIN;SEASHELLS;10002;10
233600;;SUBMISSION;RAINFOREST_RESIN;SEASHELLS;10003;11
233900;;;RAINFOREST_RESIN;SEASHELLS;10002;5
234000;;SUBMISSION;RAINFOREST_RESIN;SEASHELLS;10002;3
234300;;;SQUID_INK;SEASHELLS;1939;1
234300;SUBMISSION;;KELP;SEASHELLS;2037;1
234300;SUBMISSION;;RAINFOREST_RESIN;SEASHELLS;9996;1
234400;;;SQUID_INK;SEASHELLS;1941;1
234400;;;KELP;SEASHELLS;2038;1
234400;SUBMISSION;;RAINFOREST_RESIN;SEASHELLS;9996;1
234900;;;KELP;SEASHELLS;2036;1
234900;;;SQUID_INK;SEASHELLS;1936;1
235200;;;KELP;SEASHELLS;2036;1
235200;;;SQUID_INK;SEASHELLS;1936;1
235400;;;KELP;SEASHELLS;2036;1
235400;;;RAINFOREST_RESIN;SEASHELLS;10002;1
235400;;;SQUID_INK;SEASHELLS;1936;1
235700;;SUBMISSION;RAINFOREST_RESIN;SEASHELLS;10002;8
235900;;SUBMISSION;RAINFOREST_RESIN;SEASHELLS;10002;1
236200;;;KELP;SEASHELLS;2037;4
236200;;;RAINFOREST_RESIN;SEASHELLS;10002;1
236200;;;SQUID_INK;SEASHELLS;1936;4
236500;;;SQUID_INK;SEASHELLS;1933;1
236500;;;KELP;SEASHELLS;2036;1
237100;;SUBMISSION;KELP;SEASHELLS;2038;2
237100;;SUBMISSION;RAINFOREST_RESIN;SEASHELLS;10003;2
237100;;;SQUID_INK;SEASHELLS;1945;2
237300;SUBMISSION;;RAINFOREST_RESIN;SEASHELLS;9998;1
237500;;;KELP;SEASHELLS;2036;1
237500;;;SQUID_INK;SEASHELLS;1944;1
237600;;;KELP;SEASHELLS;2038;5
237700;;;KELP;SEASHELLS;2036;1
237700;;;SQUID_INK;SEASHELLS;1945;1
237900;;SUBMISSION;RAINFOREST_RESIN;SEASHELLS;10002;2
238200;SUBMISSION;;RAINFOREST_RESIN;SEASHELLS;9998;3
238200;;;RAINFOREST_RESIN;SEASHELLS;9998;9
238300;;;KELP;SEASHELLS;2036;1
238300;;;SQUID_INK;SEASHELLS;1946;1
238400;SUBMISSION;;RAINFOREST_RESIN;SEASHELLS;9998;1
238400;;;RAINFOREST_RESIN;SEASHELLS;9998;1
238500;SUBMISSION;;RAINFOREST_RESIN;SEASHELLS;9997;12
238600;;;SQUID_INK;SEASHELLS;1943;3
238600;;;KELP;SEASHELLS;2038;3
238700;;;RAINFOREST_RESIN;SEASHELLS;9998;9
238700;SUBMISSION;;RAINFOREST_RESIN;SEASHELLS;9998;1
238800;;;SQUID_INK;SEASHELLS;1942;1
238800;;SUBMISSION;RAINFOREST_RESIN;SEASHELLS;10003;2
238800;;;KELP;SEASHELLS;2036;1
238800;;;SQUID_INK;SEASHELLS;1945;2
238800;;;SQUID_INK;SEASHELLS;1945;10
238800;;;KELP;SEASHELLS;2039;2
238800;;;KELP;SEASHELLS;2039;10
239200;;;SQUID_INK;SEASHELLS;1945;1
239200;;;KELP;SEASHELLS;2036;1
239400;SUBMISSION;;KELP;SEASHELLS;2037;2
239400;;;RAINFOREST_RESIN;SEASHELLS;9998;1
239400;SUBMISSION;;RAINFOREST_RESIN;SEASHELLS;9998;1
239400;;;SQUID_INK;SEASHELLS;1943;1
239800;;SUBMISSION;RAINFOREST_RESIN;SEASHELLS;10002;1
240000;;SUBMISSION;RAINFOREST_RESIN;SEASHELLS;10004;4
240600;;SUBMISSION;RAINFOREST_RESIN;SEASHELLS;10003;12
240600;;;KELP;SEASHELLS;2036;1
240600;;;SQUID_INK;SEASHELLS;1930;1
240800;SUBMISSION;;KELP;SEASHELLS;2037;10
240800;;;SQUID_INK;SEASHELLS;1927;10
240900;;;SQUID_INK;SEASHELLS;1928;2
240900;SUBMISSION;;KELP;SEASHELLS;2037;6
240900;SUBMISSION;;RAINFOREST_RESIN;SEASHELLS;9998;1
241300;;;SQUID_INK;SEASHELLS;1931;2
241300;;;SQUID_INK;SEASHELLS;1930;1
241300;;;KELP;SEASHELLS;2036;1
241300;SUBMISSION;;KELP;SEASHELLS;2037;2
241300;;SUBMISSION;RAINFOREST_RESIN;SEASHELLS;10002;1
241400;SUBMISSION;;RAINFOREST_RESIN;SEASHELLS;9998;1
241500;SUBMISSION;;RAINFOREST_RESIN;SEASHELLS;9998;1
241700;;;SQUID_INK;SEASHELLS;1931;1
241700;SUBMISSION;;RAINFOREST_RESIN;SEASHELLS;9997;1
241700;;;KELP;SEASHELLS;2037;1
241900;;;KELP;SEASHELLS;2038;1
241900;;;SQUID_INK;SEASHELLS;1934;1
242200;SUBMISSION;;RAINFOREST_RESIN;SEASHELLS;9998;1
242300;;;SQUID_INK;SEASHELLS;1936;1
242300;;;KELP;SEASHELLS;2038;1
242600;;SUBMISSION;RAINFOREST_RESIN;SEASHELLS;10002;1
242700;;;SQUID_INK;SEASHELLS;1935;2
242700;;;KELP;SEASHELLS;2036;2
242700;SUBMISSION;;RAINFOREST_RESIN;SEASHELLS;9997;2
242800;;;SQUID_INK;SEASHELLS;1935;3
242900;;;KELP;SEASHELLS;2038;1
242900;;;SQUID_INK;SEASHELLS;1935;1
243000;;;SQUID_INK;SEASHELLS;1933;2
243000;;;SQUID_INK;SEASHELLS;1933;1
243000;;;KELP;SEASHELLS;2036;1
243000;SUBMISSION;;RAINFOREST_RESIN;SEASHELLS;9996;2
243000;SUBMISSION;;RAINFOREST_RESIN;SEASHELLS;9998;1
243000;;;KELP;SEASHELLS;2036;2
243100;;;SQUID_INK;SEASHELLS;1932;1
243100;;;KELP;SEASHELLS;2036;1
243400;;;KELP;SEASHELLS;2038;1
243400;;;RAINFOREST_RESIN;SEASHELLS;9998;1
243400;;;SQUID_INK;SEASHELLS;1936;1
243700;SUBMISSION;;RAINFOREST_RESIN;SEASHELLS;9997;7
244100;SUBMISSION;;RAINFOREST_RESIN;SEASHELLS;9998;1
244200;;SUBMISSION;KELP;SEASHELLS;2039;11
244200;;;SQUID_INK;SEASHELLS;1930;12
244200;;;KELP;SEASHELLS;2039;1
244300;;SUBMISSION;RAINFOREST_RESIN;SEASHELLS;10002;1
244400;;;SQUID_INK;SEASHELLS;1930;2
244400;;SUBMISSION;RAINFOREST_RESIN;SEASHELLS;10002;4
244400;;SUBMISSION;RAINFOREST_RESIN;SEASHELLS;10003;2
244400;;SUBMISSION;KELP;SEASHELLS;2038;2
244600;;;SQUID_INK;SEASHELLS;1930;1
244600;SUBMISSION;;RAINFOREST_RESIN;SEASHELLS;9998;5
244600;;;KELP;SEASHELLS;2038;1
244800;SUBMISSION;;RAINFOREST_RESIN;SEASHELLS;9996;2
244800;;;KELP;SEASHELLS;2038;1
244800;;;SQUID_INK;SEASHELLS;1931;1
244900;;;SQUID_INK;SEASHELLS;1936;1
244900;;;KELP;SEASHELLS;2039;12
244900;;;SQUID_INK;SEASHELLS;1937;12
244900;;;KELP;SEASHELLS;2038;1
244900;;SUBMISSION;RAINFOREST_RESIN;SEASHELLS;10004;8
244900;SUBMISSION;;RAINFOREST_RESIN;SEASHELLS;9996;2
245000;SUBMISSION;;RAINFOREST_RESIN;SEASHELLS;9998;5
245100;;;SQUID_INK;SEASHELLS;1936;1
245100;;;KELP;SEASHELLS;2036;1
245200;SUBMISSION;;RAINFOREST_RESIN;SEASHELLS;9998;1
245300;;;KELP;SEASHELLS;2036;9
245300;;;KELP;SEASHELLS;2036;2
245600;;;SQUID_INK;SEASHELLS;1940;1
245600;;;KELP;SEASHELLS;2038;1
245800;;;KELP;SEASHELLS;2037;1
245800;;;SQUID_INK;SEASHELLS;1939;2
245800;;;SQUID_INK;SEASHELLS;1939;1
245900;;;SQUID_INK;SEASHELLS;1937;1
245900;;;KELP;SEASHELLS;2038;1
245900;SUBMISSION;;KELP;SEASHELLS;2037;1
246000;;;KELP;SEASHELLS;2038;1
246000;;;KELP;SEASHELLS;2037;2
246000;;;SQUID_INK;SEASHELLS;1938;2
246000;;;SQUID_INK;SEASHELLS;1939;1
246100;SUBMISSION;;RAINFOREST_RESIN;SEASHELLS;9998;5
246200;;;KELP;SEASHELLS;2036;15
246200;;;SQUID_INK;SEASHELLS;1940;15
246500;SUBMISSION;;RAINFOREST_RESIN;SEASHELLS;9998;4
247100;SUBMISSION;;RAINFOREST_RESIN;SEASHELLS;9996;4
247200;;;KELP;SEASHELLS;2038;9
247900;;SUBMISSION;RAINFOREST_RESIN;SEASHELLS;10003;4
248300;;;SQUID_INK;SEASHELLS;1931;11
248300;SUBMISSION;;KELP;SEASHELLS;2036;11
248300;;;SQUID_INK;SEASHELLS;1931;3
248300;;;KELP;SEASHELLS;2036;3
248600;;;SQUID_INK;SEASHELLS;1936;9
248600;;;KELP;SEASHELLS;2038;1
248600;;SUBMISSION;KELP;SEASHELLS;2038;8
249200;SUBMISSION;;RAINFOREST_RESIN;SEASHELLS;9996;2
249300;;;SQUID_INK;SEASHELLS;1926;1
249300;;;KELP;SEASHELLS;2035;1
249300;;SUBMISSION;RAINFOREST_RESIN;SEASHELLS;10002;1
249400;SUBMISSION;;RAINFOREST_RESIN;SEASHELLS;9998;1
249500;SUBMISSION;;RAINFOREST_RESIN;SEASHELLS;9998;3
249800;;;SQUID_INK;SEASHELLS;1931;8
249800;;;KELP;SEASHELLS;2037;8
249900;;;SQUID_INK;SEASHELLS;1934;13
249900;;SUBMISSION;KELP;SEASHELLS;2038;13
250000;;;KELP;SEASHELLS;2036;3
250000;;;SQUID_INK;SEASHELLS;1931;3
250000;;;KELP;SEASHELLS;2036;1
250000;;;SQUID_INK;SEASHELLS;1931;1
250000;SUBMISSION;;RAINFOREST_RESIN;SEASHELLS;9998;1
250200;;SUBMISSION;RAINFOREST_RESIN;SEASHELLS;10002;3
250500;;;KELP;SEASHELLS;2036;1
250500;;SUBMISSION;RAINFOREST_RESIN;SEASHELLS;10003;1
250500;;SUBMISSION;KELP;SEASHELLS;2038;1
250500;;;SQUID_INK;SEASHELLS;1931;1
250500;;;SQUID_INK;SEASHELLS;1928;1
250800;;;SQUID_INK;SEASHELLS;1931;12
250800;;;KELP;SEASHELLS;2036;12
251000;;;KELP;SEASHELLS;2036;9
251000;;;SQUID_INK;SEASHELLS;1931;9
251200;;;SQUID_INK;SEASHELLS;1937;1
251200;;SUBMISSION;KELP;SEASHELLS;2038;1
251200;;SUBMISSION;RAINFOREST_RESIN;SEASHELLS;10004;1
251400;;;KELP;SEASHELLS;2036;1
251400;;;SQUID_INK;SEASHELLS;1935;1
251700;;;RAINFOREST_RESIN;SEASHELLS;10002;1
251800;;SUBMISSION;KELP;SEASHELLS;2039;4
251800;;;SQUID_INK;SEASHELLS;1938;4
251900;SUBMISSION;;KELP;SEASHELLS;2037;1
251900;;;RAINFOREST_RESIN;SEASHELLS;9998;1
251900;;;SQUID_INK;SEASHELLS;1934;1
252400;;SUBMISSION;RAINFOREST_RESIN;SEASHELLS;10003;5
252500;SUBMISSION;;RAINFOREST_RESIN;SEASHELLS;9997;2
252800;;SUBMISSION;RAINFOREST_RESIN;SEASHELLS;10002;3
253000;;;KELP;SEASHELLS;2037;1
253000;;;SQUID_INK;SEASHELLS;1933;1
253400;;;RAINFOREST_RESIN;SEASHELLS;10000;2
253600;SUBMISSION;;RAINFOREST_RESIN;SEASHELLS;9998;2
253800;SUBMISSION;;RAINFOREST_RESIN;SEASHELLS;9998;1
254000;SUBMISSION;;RAINFOREST_RESIN;SEASHELLS;9998;10
254000;;;KELP;SEASHELLS;2037;1
254000;;;SQUID_INK;SEASHELLS;1938;1
254100;;SUBMISSION;RAINFOREST_RESIN;SEASHELLS;10004;2
254100;;SUBMISSION;KELP;SEASHELLS;2039;2
254100;;;SQUID_INK;SEASHELLS;1943;2
254400;;;KELP;SEASHELLS;2039;1
254400;;;SQUID_INK;SEASHELLS;1941;1
254700;;;KELP;SEASHELLS;2037;1
254700;;;SQUID_INK;SEASHELLS;1940;1
254700;SUBMISSION;;RAINFOREST_RESIN;SEASHELLS;9997;1
254800;;;KELP;SEASHELLS;2039;1
254800;;;SQUID_INK;SEASHELLS;1943;1
255100;;;KELP;SEASHELLS;2040;1
255100;;SUBMISSION;RAINFOREST_RESIN;SEASHELLS;10003;1
255100;;;SQUID_INK;SEASHELLS;1944;1
255300;;SUBMISSION;RAINFOREST_RESIN;SEASHELLS;10002;5
255300;;;RAINFOREST_RESIN;SEASHELLS;10002;3
255400;;;SQUID_INK;SEASHELLS;1939;2
255400;;;KELP;SEASHELLS;2037;2
255400;SUBMISSION;;RAINFOREST_RESIN;SEASHELLS;9997;2
255600;SUBMISSION;;KELP;SEASHELLS;2037;1
255600;;;SQUID_INK;SEASHELLS;1940;1
255700;;SUBMISSION;KELP;SEASHELLS;2039;2
255700;;SUBMISSION;RAINFOREST_RESIN;SEASHELLS;10003;2
255700;;;SQUID_INK;SEASHELLS;1943;2
255900;;SUBMISSION;KELP;SEASHELLS;2039;1
256000;;SUBMISSION;RAINFOREST_RESIN;SEASHELLS;10002;1
256300;;;SQUID_INK;SEASHELLS;1941;4
256300;;;KELP;SEASHELLS;2037;4
256400;SUBMISSION;;RAINFOREST_RESIN;SEASHELLS;9998;8
256400;;;KELP;SEASHELLS;2037;1
256500;;;SQUID_INK;SEASHELLS;1944;1
256500;;;KELP;SEASHELLS;2039;1
256800;SUBMISSION;;KELP;SEASHELLS;2038;12
256800;;;SQUID_INK;SEASHELLS;1941;9
256800;;SUBMISSION;RAINFOREST_RESIN;SEASHELLS;10002;3
256800;;;SQUID_INK;SEASHELLS;1941;3
257200;;;RAINFOREST_RESIN;SEASHELLS;10002;1
257300;;SUBMISSION;RAINFOREST_RESIN;SEASHELLS;10002;1
257400;;SUBMISSION;RAINFOREST_RESIN;SEASHELLS;10002;1
257400;;SUBMISSION;RAINFOREST_RESIN;SEASHELLS;10004;1
257400;;;KELP;SEASHELLS;2040;1
257400;;;SQUID_INK;SEASHELLS;1947;1
257500;;;SQUID_INK;SEASHELLS;1944;1
257500;;;KELP;SEASHELLS;2037;1
257900;;SUBMISSION;RAINFOREST_RESIN;SEASHELLS;10002;1
258000;;;KELP;SEASHELLS;2037;3
258000;;;SQUID_INK;SEASHELLS;1941;2
258100;SUBMISSION;;RAINFOREST_RESIN;SEASHELLS;9998;1
258200;;;KELP;SEASHELLS;2039;1
258200;;;SQUID_INK;SEASHELLS;1945;1
258500;;SUBMISSION;RAINFOREST_RESIN;SEASHELLS;10002;1
258600;;SUBMISSION;RAINFOREST_RESIN;SEASHELLS;10002;2
258700;;;SQUID_INK;SEASHELLS;1945;4
258700;;;KELP;SEASHELLS;2039;4
258900;;SUBMISSION;RAINFOREST_RESIN;SEASHELLS;10003;11
259000;;;KELP;SEASHELLS;2039;1
259000;;;SQUID_INK;SEASHELLS;1951;1
259100;;;SQUID_INK;SEASHELLS;1947;2
259100;SUBMISSION;;KELP;SEASHELLS;2038;2
259100;SUBMISSION;;RAINFOREST_RESIN;SEASHELLS;9997;2
259400;;;RAINFOREST_RESIN;SEASHELLS;10002;1
259500;;;SQUID_INK;SEASHELLS;1950;1
259500;;;KELP;SEASHELLS;2039;1
259800;;;KELP;SEASHELLS;2039;1
259900;SUBMISSION;;KELP;SEASHELLS;2038;3
260000;;;SQUID_INK;SEASHELLS;1946;1
260000;;;KELP;SEASHELLS;2037;1
260100;;;SQUID_INK;SEASHELLS;1946;1
260300;;;SQUID_INK;SEASHELLS;1945;1
260300;;;KELP;SEASHELLS;2038;1
260600;;;KELP;SEASHELLS;2039;1
260600;SUBMISSION;;KELP;SEASHELLS;2039;10
260600;;;KELP;SEASHELLS;2039;3
260600;;;SQUID_INK;SEASHELLS;1942;3
260600;SUBMISSION;;SQUID_INK;SEASHELLS;1942;11
260700;;SUBMISSION;RAINFOREST_RESIN;SEASHELLS;10004;8
260900;;;KELP;SEASHELLS;2040;1
260900;;;SQUID_INK;SEASHELLS;1941;1
261100;SUBMISSION;;KELP;SEASHELLS;2039;1
261100;;;SQUID_INK;SEASHELLS;1938;1
261300;;;SQUID_INK;SEASHELLS;1934;1
261500;SUBMISSION;;RAINFOREST_RESIN;SEASHELLS;9998;1
261800;;;KELP;SEASHELLS;2041;1
261800;;;SQUID_INK;SEASHELLS;1934;1
261900;SUBMISSION;;RAINFOREST_RESIN;SEASHELLS;9998;1
262700;;;SQUID_INK;SEASHELLS;1933;4
262900;;;SQUID_INK;SEASHELLS;1934;4
262900;;;KELP;SEASHELLS;2040;4
263300;;;RAINFOREST_RESIN;SEASHELLS;10002;1
263300;;SUBMISSION;RAINFOREST_RESIN;SEASHELLS;10002;3
263400;;SUBMISSION;RAINFOREST_RESIN;SEASHELLS;10002;1
263500;SUBMISSION;;RAINFOREST_RESIN;SEASHELLS;9998;1
263500;;;SQUID_INK;SEASHELLS;1938;1
263500;;;KELP;SEASHELLS;2039;1
263700;SUBMISSION;;RAINFOREST_RESIN;SEASHELLS;9998;1
264000;SUBMISSION;;RAINFOREST_RESIN;SEASHELLS;9998;1
264000;;;RAINFOREST_RESIN;SEASHELLS;9998;8
264200;;SUBMISSION;RAINFOREST_RESIN;SEASHELLS;10003;2
264200;;SUBMISSION;KELP;SEASHELLS;2042;2
264200;;;SQUID_INK;SEASHELLS;1936;2
264300;;;SQUID_INK;SEASHELLS;1934;1
264300;;;KELP;SEASHELLS;2040;1
264300;SUBMISSION;;RAINFOREST_RESIN;SEASHELLS;9997;1
264300;SUBMISSION;;RAINFOREST_RESIN;SEASHELLS;9998;6
265200;SUBMISSION;;SQUID_INK;SEASHELLS;1923;1
265200;SUBMISSION;;KELP;SEASHELLS;2041;1
265200;SUBMISSION;;RAINFOREST_RESIN;SEASHELLS;9996;1
265300;;SUBMISSION;RAINFOREST_RESIN;SEASHELLS;10002;1
265300;;SUBMISSION;RAINFOREST_RESIN;SEASHELLS;10003;2
265300;;;KELP;SEASHELLS;2043;2
265300;;;SQUID_INK;SEASHELLS;1926;2
265700;;;RAINFOREST_RESIN;SEASHELLS;9998;2
265700;SUBMISSION;;SQUID_INK;SEASHELLS;1923;2
265700;;;KELP;SEASHELLS;2040;2
266000;;;SQUID_INK;SEASHELLS;1917;1
266000;;;KELP;SEASHELLS;2040;1
266100;;;KELP;SEASHELLS;2040;8
266100;;;SQUID_INK;SEASHELLS;1916;8
266200;;SUBMISSION;RAINFOREST_RESIN;SEASHELLS;10002;2
266200;;SUBMISSION;KELP;SEASHELLS;2042;6
266200;;;SQUID_INK;SEASHELLS;1920;6
266300;SUBMISSION;;SQUID_INK;SEASHELLS;1917;12
266300;;;KELP;SEASHELLS;2040;12
266500;;;SQUID_INK;SEASHELLS;1916;2
266500;;;KELP;SEASHELLS;2041;2
266600;;;KELP;SEASHELLS;2040;1
266600;;;SQUID_INK;SEASHELLS;1917;1
267200;SUBMISSION;;RAINFOREST_RESIN;SEASHELLS;9998;8
267200;;SUBMISSION;RAINFOREST_RESIN;SEASHELLS;10002;1
267600;SUBMISSION;;KELP;SEASHELLS;2041;1
267700;SUBMISSION;;KELP;SEASHELLS;2041;1
267700;;;SQUID_INK;SEASHELLS;1918;1
267700;SUBMISSION;;RAINFOREST_RESIN;SEASHELLS;9997;1
267900;SUBMISSION;;RAINFOREST_RESIN;SEASHELLS;9996;3
267900;SUBMISSION;;RAINFOREST_RESIN;SEASHELLS;9998;1
268000;;;SQUID_INK;SEASHELLS;1921;2
268000;SUBMISSION;;RAINFOREST_RESIN;SEASHELLS;9996;2
268000;SUBMISSION;;KELP;SEASHELLS;2041;2
268200;;SUBMISSION;RAINFOREST_RESIN;SEASHELLS;10002;1
268400;;;KELP;SEASHELLS;2043;1
268400;;;SQUID_INK;SEASHELLS;1926;1
268500;;SUBMISSION;RAINFOREST_RESIN;SEASHELLS;10002;1
268600;;;SQUID_INK;SEASHELLS;1930;2
268600;;SUBMISSION;RAINFOREST_RESIN;SEASHELLS;10004;2
268600;;;KELP;SEASHELLS;2044;2
269000;;SUBMISSION;RAINFOREST_RESIN;SEASHELLS;10004;2
269000;;;KELP;SEASHELLS;2043;2
269000;;;SQUID_INK;SEASHELLS;1934;2
269400;;;SQUID_INK;SEASHELLS;1934;2
269400;SUBMISSION;;RAINFOREST_RESIN;SEASHELLS;9998;1
269400;;;KELP;SEASHELLS;2041;2
269700;;;SQUID_INK;SEASHELLS;1934;5
269700;;;KELP;SEASHELLS;2040;5
269800;;;KELP;SEASHELLS;2040;1
269800;;;SQUID_INK;SEASHELLS;1934;1
269900;;;KELP;SEASHELLS;2040;2
269900;;;SQUID_INK;SEASHELLS;1932;2
269900;SUBMISSION;;RAINFOREST_RESIN;SEASHELLS;9997;2
270000;;;KELP;SEASHELLS;2040;1
270000;SUBMISSION;;RAINFOREST_RESIN;SEASHELLS;9998;4
270000;;;SQUID_INK;SEASHELLS;1932;1
270100;;;RAINFOREST_RESIN;SEASHELLS;10002;1
270400;;;SQUID_INK;SEASHELLS;1933;1
270400;SUBMISSION;;RAINFOREST_RESIN;SEASHELLS;9998;1
270400;;;KELP;SEASHELLS;2040;1
270500;SUBMISSION;;RAINFOREST_RESIN;SEASHELLS;9998;1
