timestamp,buyer,seller,symbol,currency,price,quantity
0,,SUBMISSION,KELP,SEASHELLS,2040,2
0,,SUBMISSION,VOLCANIC_ROCK_VOUCHER_9500,SEASHELLS,666,14
0,,SUBMISSION,KELP,SEASHELLS,2040,25
0,,,JAMS,SEASHELLS,6522,6
0,,,CROISSANTS,SEASHELLS,4241,8
0,,SUBMISSION,VOLCANIC_ROCK_VOUCHER_9500,SEASHELLS,666,0
0,,SUBMISSION,VOLCANIC_ROCK_VOUCHER_9500,SEASHELLS,666,2
0,,SUBMISSION,KELP,SEASHELLS,2040,1
100,,SUBMISSION,VOLCANIC_ROCK_VOUCHER_9750,SEASHELLS,416,2
100,,SUBMISSION,KELP,SEASHELLS,2042,7
100,,SUBMISSION,KELP,SEASHELLS,2040,8
100,,SUBMISSION,KELP,SEASHELLS,2042,4
100,,,SQUID_INK,SEASHELLS,1818,7
100,,SUBMISSION,VOLCANIC_ROCK_VOUCHER_9750,SEASHELLS,416,0
100,,SUBMISSION,VOLCANIC_ROCK_VOUCHER_9750,SEASHELLS,416,10
100,,SUBMISSION,KELP,SEASHELLS,2042,0
100,,SUBMISSION,KELP,SEASHELLS,2040,3
200,,,DJEMBES,SEASHELLS,13298,2
300,SUBMISSION,,VOLCANIC_ROCK_VOUCHER_9500,SEASHELLS,670,19
300,SUBMISSION,,VOLCANIC_ROCK_VOUCHER_9500,SEASHELLS,670,1
300,,SUBMISSION,VOLCANIC_ROCK,SEASHELLS,10169,37
300,,,JAMS,SEASHELLS,6523,10
400,,,CROISSANTS,SEASHELLS,4242,5
400,SUBMISSION,,VOLCANIC_ROCK_VOUCHER_9750,SEASHELLS,424,19
500,,SUBMISSION,VOLCANIC_ROCK_VOUCHER_9500,SEASHELLS,670,16
700,,SUBMISSION,VOLCANIC_ROCK_VOUCHER_9500,SEASHELLS,670,0
700,,SUBMISSION,VOLCANIC_ROCK_VOUCHER_9500,SEASHELLS,670,1
700,,SUBMISSION,VOLCANIC_ROCK_VOUCHER_9500,SEASHELLS,670,18
800,,SUBMISSION,VOLCANIC_ROCK_VOUCHER_9750,SEASHELLS,422,1
800,,SUBMISSION,VOLCANIC_ROCK_VOUCHER_9750,SEASHELLS,422,0
800,,SUBMISSION,VOLCANIC_ROCK_VOUCHER_10000,SEASHELLS,188,10
800,,,CROISSANTS,SEASHELLS,4242,5
800,,SUBMISSION,VOLCANIC_ROCK_VOUCHER_10000,SEASHELLS,188,1
800,,SUBMISSION,VOLCANIC_ROCK_VOUCHER_10000,SEASHELLS,188,0
800,,,SQUID_INK,SEASHELLS,1813,1
800,,SUBMISSION,VOLCANIC_ROCK_VOUCHER_9750,SEASHELLS,422,10
800,,,KELP,SEASHELLS,2040,1
900,,,JAMS,SEASHELLS,6523,9
1000,,,PICNIC_BASKET2,SEASHELLS,30064,7
1000,SUBMISSION,,VOLCANIC_ROCK_VOUCHER_10000,SEASHELLS,190,12
1000,SUBMISSION,,RAINFOREST_RESIN,SEASHELLS,9998,3
1100,,SUBMISSION,RAINFOREST_RESIN,SEASHELLS,10003,10
1100,SUBMISSION,,VOLCANIC_ROCK_VOUCHER_9750,SEASHELLS,424,18
1100,SUBMISSION,,VOLCANIC_ROCK_VOUCHER_9750,SEASHELLS,424,1
1100,SUBMISSION,,VOLCANIC_ROCK_VOUCHER_9750,SEASHELLS,424,0
1100,,,JAMS,SEASHELLS,6523,5
1200,,,VOLCANIC_ROCK_VOUCHER_10500,SEASHELLS,3,15
1200,,,VOLCANIC_ROCK_VOUCHER_9500,SEASHELLS,669,15
1200,,,VOLCANIC_ROCK_VOUCHER_10250,SEASHELLS,37,15
1200,,,VOLCANIC_ROCK_VOUCHER_9750,SEASHELLS,420,15
1200,,,VOLCANIC_ROCK_VOUCHER_10000,SEASHELLS,182,15
1300,,,SQUID_INK,SEASHELLS,1819,2
1300,,,SQUID_INK,SEASHELLS,1819,1
1300,,SUBMISSION,RAINFOREST_RESIN,SEASHELLS,10001,1
1300,,,KELP,SEASHELLS,2039,2
1300,,SUBMISSION,VOLCANIC_ROCK_VOUCHER_9750,SEASHELLS,422,18
1300,,SUBMISSION,VOLCANIC_ROCK_VOUCHER_9750,SEASHELLS,422,1
1300,,,KELP,SEASHELLS,2040,1
1300,,SUBMISSION,VOLCANIC_ROCK_VOUCHER_9750,SEASHELLS,422,0
1300,SUBMISSION,,RAINFOREST_RESIN,SEASHELLS,9998,2
1400,SUBMISSION,,VOLCANIC_ROCK_VOUCHER_9750,SEASHELLS,422,16
1400,,,SQUID_INK,SEASHELLS,1820,2
1400,,,KELP,SEASHELLS,2040,2
1400,,SUBMISSION,RAINFOREST_RESIN,SEASHELLS,10002,4
1500,,,SQUID_INK,SEASHELLS,1820,1
1500,,,KELP,SEASHELLS,2040,1
1600,,SUBMISSION,VOLCANIC_ROCK_VOUCHER_9750,SEASHELLS,424,16
1700,,,VOLCANIC_ROCK,SEASHELLS,10171,2
1700,,SUBMISSION,VOLCANIC_ROCK_VOUCHER_9750,SEASHELLS,424,19
1700,,SUBMISSION,RAINFOREST_RESIN,SEASHELLS,10002,4
1800,,SUBMISSION,VOLCANIC_ROCK_VOUCHER_10000,SEASHELLS,191,1
1800,,SUBMISSION,VOLCANIC_ROCK_VOUCHER_9750,SEASHELLS,426,5
1800,,SUBMISSION,VOLCANIC_ROCK_VOUCHER_9750,SEASHELLS,426,14
1800,,,SQUID_INK,SEASHELLS,1822,2
1800,,SUBMISSION,VOLCANIC_ROCK_VOUCHER_9750,SEASHELLS,426,1
1800,,,KELP,SEASHELLS,2041,2
1800,,,SQUID_INK,SEASHELLS,1822,3
1800,,SUBMISSION,VOLCANIC_ROCK_VOUCHER_10000,SEASHELLS,191,5
1800,,SUBMISSION,VOLCANIC_ROCK_VOUCHER_10000,SEASHELLS,191,14
1800,,,KELP,SEASHELLS,2041,3
1900,,SUBMISSION,RAINFOREST_RESIN,SEASHELLS,10002,4
2000,SUBMISSION,,VOLCANIC_ROCK_VOUCHER_9750,SEASHELLS,426,18
2000,,,JAMS,SEASHELLS,6519,4
2000,SUBMISSION,,VOLCANIC_ROCK_VOUCHER_9750,SEASHELLS,426,0
2000,SUBMISSION,,VOLCANIC_ROCK_VOUCHER_9750,SEASHELLS,426,1
2100,,,PICNIC_BASKET1,SEASHELLS,58401,9
2100,SUBMISSION,,VOLCANIC_ROCK_VOUCHER_9500,SEASHELLS,676,19
2100,,,PICNIC_BASKET2,SEASHELLS,30051,9
2100,SUBMISSION,,VOLCANIC_ROCK_VOUCHER_10000,SEASHELLS,190,19
2100,,,VOLCANIC_ROCK_VOUCHER_9750,SEASHELLS,427,13
2100,SUBMISSION,,VOLCANIC_ROCK,SEASHELLS,10176,40
2200,SUBMISSION,,VOLCANIC_ROCK_VOUCHER_9750,SEASHELLS,424,13
2200,,SUBMISSION,VOLCANIC_ROCK,SEASHELLS,10172,30
2200,,SUBMISSION,RAINFOREST_RESIN,SEASHELLS,10002,3
2200,SUBMISSION,,VOLCANIC_ROCK_VOUCHER_9750,SEASHELLS,424,0
2200,SUBMISSION,,VOLCANIC_ROCK_VOUCHER_9750,SEASHELLS,424,1
2300,,,CROISSANTS,SEASHELLS,4241,10
2300,,SUBMISSION,RAINFOREST_RESIN,SEASHELLS,10002,7
2400,,SUBMISSION,VOLCANIC_ROCK_VOUCHER_9500,SEASHELLS,672,0
2400,,SUBMISSION,RAINFOREST_RESIN,SEASHELLS,10007,1
2400,,SUBMISSION,VOLCANIC_ROCK_VOUCHER_9500,SEASHELLS,672,1
2400,,SUBMISSION,VOLCANIC_ROCK_VOUCHER_10000,SEASHELLS,189,1
2400,,SUBMISSION,VOLCANIC_ROCK_VOUCHER_9500,SEASHELLS,672,15
2400,,SUBMISSION,VOLCANIC_ROCK_VOUCHER_10000,SEASHELLS,189,0
2400,,SUBMISSION,VOLCANIC_ROCK_VOUCHER_10000,SEASHELLS,189,15
2500,,,DJEMBES,SEASHELLS,13299,5
2500,,SUBMISSION,VOLCANIC_ROCK_VOUCHER_9750,SEASHELLS,424,14
2500,SUBMISSION,,RAINFOREST_RESIN,SEASHELLS,9993,2
2500,,SUBMISSION,VOLCANIC_ROCK_VOUCHER_9750,SEASHELLS,424,1
2500,,,JAMS,SEASHELLS,6516,9
2500,,SUBMISSION,VOLCANIC_ROCK_VOUCHER_9750,SEASHELLS,424,0
2600,,SUBMISSION,VOLCANIC_ROCK_VOUCHER_9500,SEASHELLS,668,11
2600,,SUBMISSION,VOLCANIC_ROCK_VOUCHER_9500,SEASHELLS,668,2
2600,,,KELP,SEASHELLS,2040,6
2600,,,KELP,SEASHELLS,2040,1
2600,,SUBMISSION,VOLCANIC_ROCK_VOUCHER_9500,SEASHELLS,668,0
2600,,,SQUID_INK,SEASHELLS,1822,1
2600,,,VOLCANIC_ROCK,SEASHELLS,10167,5
2600,,,SQUID_INK,SEASHELLS,1822,6
2700,SUBMISSION,,VOLCANIC_ROCK_VOUCHER_10000,SEASHELLS,180,19
2700,SUBMISSION,,VOLCANIC_ROCK_VOUCHER_10000,SEASHELLS,180,1
2700,,SUBMISSION,VOLCANIC_ROCK_VOUCHER_9500,SEASHELLS,664,1
2700,,SUBMISSION,VOLCANIC_ROCK_VOUCHER_9750,SEASHELLS,416,1
2700,,,JAMS,SEASHELLS,6518,9
2700,,SUBMISSION,VOLCANIC_ROCK_VOUCHER_9500,SEASHELLS,664,19
2700,,,JAMS,SEASHELLS,6516,5
2700,,SUBMISSION,VOLCANIC_ROCK_VOUCHER_9750,SEASHELLS,416,19
2800,SUBMISSION,,VOLCANIC_ROCK,SEASHELLS,10164,40
2900,SUBMISSION,,RAINFOREST_RESIN,SEASHELLS,9998,5
2900,SUBMISSION,,VOLCANIC_ROCK_VOUCHER_9500,SEASHELLS,664,2
2900,SUBMISSION,,VOLCANIC_ROCK_VOUCHER_9500,SEASHELLS,664,12
2900,SUBMISSION,,VOLCANIC_ROCK_VOUCHER_9500,SEASHELLS,664,0
3000,,SUBMISSION,VOLCANIC_ROCK_VOUCHER_10000,SEASHELLS,184,2
3000,SUBMISSION,,VOLCANIC_ROCK_VOUCHER_9500,SEASHELLS,666,0
3000,,SUBMISSION,VOLCANIC_ROCK_VOUCHER_10000,SEASHELLS,184,11
3000,,,SQUID_INK,SEASHELLS,1823,1
3000,,,KELP,SEASHELLS,2040,1
3000,SUBMISSION,,VOLCANIC_ROCK_VOUCHER_9500,SEASHELLS,666,11
3000,SUBMISSION,,VOLCANIC_ROCK_VOUCHER_9500,SEASHELLS,666,2
3000,,SUBMISSION,VOLCANIC_ROCK_VOUCHER_10000,SEASHELLS,184,0
3100,,SUBMISSION,RAINFOREST_RESIN,SEASHELLS,10001,1
3200,SUBMISSION,,VOLCANIC_ROCK_VOUCHER_9750,SEASHELLS,418,18
3300,,SUBMISSION,VOLCANIC_ROCK_VOUCHER_9500,SEASHELLS,666,11
3300,SUBMISSION,,VOLCANIC_ROCK_VOUCHER_9750,SEASHELLS,418,11
3300,,,DJEMBES,SEASHELLS,13300,4
3500,SUBMISSION,,VOLCANIC_ROCK_VOUCHER_9500,SEASHELLS,664,11
3500,SUBMISSION,,VOLCANIC_ROCK_VOUCHER_10000,SEASHELLS,180,11
3600,SUBMISSION,,VOLCANIC_ROCK_VOUCHER_9750,SEASHELLS,414,10
3600,,SUBMISSION,VOLCANIC_ROCK_VOUCHER_10250,SEASHELLS,35,10
3700,,SUBMISSION,VOLCANIC_ROCK_VOUCHER_9750,SEASHELLS,410,12
3700,,,SQUID_INK,SEASHELLS,1828,1
3700,,,KELP,SEASHELLS,2040,1
3700,,SUBMISSION,VOLCANIC_ROCK_VOUCHER_10000,SEASHELLS,178,12
3800,,,KELP,SEASHELLS,2043,2
3800,SUBMISSION,,VOLCANIC_ROCK_VOUCHER_9750,SEASHELLS,418,15
3800,,,SQUID_INK,SEASHELLS,1832,2
3800,SUBMISSION,,VOLCANIC_ROCK_VOUCHER_10000,SEASHELLS,180,15
3800,,SUBMISSION,VOLCANIC_ROCK,SEASHELLS,10166,12
3900,,,KELP,SEASHELLS,2042,1
3900,,,SQUID_INK,SEASHELLS,1831,1
4000,SUBMISSION,,VOLCANIC_ROCK_VOUCHER_10250,SEASHELLS,36,0
4000,SUBMISSION,,VOLCANIC_ROCK_VOUCHER_10250,SEASHELLS,36,10
4000,SUBMISSION,,VOLCANIC_ROCK_VOUCHER_10250,SEASHELLS,36,1
4100,,,VOLCANIC_ROCK_VOUCHER_10500,SEASHELLS,3,2
4100,,,VOLCANIC_ROCK_VOUCHER_10000,SEASHELLS,180,10
4100,,,VOLCANIC_ROCK_VOUCHER_9750,SEASHELLS,413,2
4100,SUBMISSION,,VOLCANIC_ROCK_VOUCHER_9750,SEASHELLS,414,0
4100,SUBMISSION,,VOLCANIC_ROCK_VOUCHER_9750,SEASHELLS,414,10
4100,,,VOLCANIC_ROCK_VOUCHER_9500,SEASHELLS,662,2
4100,,,VOLCANIC_ROCK_VOUCHER_9750,SEASHELLS,413,10
4100,,,VOLCANIC_ROCK_VOUCHER_10000,SEASHELLS,180,2
4100,,,VOLCANIC_ROCK_VOUCHER_10250,SEASHELLS,35,10
4100,,,KELP,SEASHELLS,2041,3
4100,,,VOLCANIC_ROCK_VOUCHER_10250,SEASHELLS,35,2
4100,SUBMISSION,,VOLCANIC_ROCK_VOUCHER_9750,SEASHELLS,414,2
4100,,,VOLCANIC_ROCK_VOUCHER_10500,SEASHELLS,3,10
4100,,,SQUID_INK,SEASHELLS,1832,3
4100,,,VOLCANIC_ROCK_VOUCHER_9500,SEASHELLS,662,10
4200,SUBMISSION,,VOLCANIC_ROCK_VOUCHER_9500,SEASHELLS,662,11
4200,,SUBMISSION,VOLCANIC_ROCK_VOUCHER_10000,SEASHELLS,181,0
4200,SUBMISSION,,VOLCANIC_ROCK_VOUCHER_9500,SEASHELLS,662,2
4200,SUBMISSION,,VOLCANIC_ROCK_VOUCHER_9500,SEASHELLS,662,0
4200,,SUBMISSION,VOLCANIC_ROCK_VOUCHER_10000,SEASHELLS,181,11
4200,,SUBMISSION,VOLCANIC_ROCK_VOUCHER_10000,SEASHELLS,181,12
4200,,SUBMISSION,VOLCANIC_ROCK_VOUCHER_10000,SEASHELLS,181,2
4300,,,SQUID_INK,SEASHELLS,1833,4
4300,,,KELP,SEASHELLS,2039,1
4300,,,SQUID_INK,SEASHELLS,1833,1
4300,SUBMISSION,,VOLCANIC_ROCK_VOUCHER_9500,SEASHELLS,658,13
4300,SUBMISSION,,VOLCANIC_ROCK_VOUCHER_9500,SEASHELLS,658,1
4300,,,KELP,SEASHELLS,2039,4
4300,SUBMISSION,,VOLCANIC_ROCK_VOUCHER_9500,SEASHELLS,658,0
4500,,SUBMISSION,VOLCANIC_ROCK_VOUCHER_9500,SEASHELLS,658,10
4500,,,KELP,SEASHELLS,2039,1
4500,,SUBMISSION,VOLCANIC_ROCK_VOUCHER_9500,SEASHELLS,658,0
4500,,,SQUID_INK,SEASHELLS,1834,1
4500,,SUBMISSION,VOLCANIC_ROCK_VOUCHER_9500,SEASHELLS,658,1
4600,SUBMISSION,,VOLCANIC_ROCK_VOUCHER_10000,SEASHELLS,178,0
4600,,SUBMISSION,RAINFOREST_RESIN,SEASHELLS,10007,8
4600,,SUBMISSION,VOLCANIC_ROCK_VOUCHER_9500,SEASHELLS,660,2
4600,,SUBMISSION,VOLCANIC_ROCK_VOUCHER_9500,SEASHELLS,660,12
4600,SUBMISSION,,VOLCANIC_ROCK_VOUCHER_10000,SEASHELLS,178,2
4600,,,CROISSANTS,SEASHELLS,4239,8
4600,,SUBMISSION,VOLCANIC_ROCK_VOUCHER_9500,SEASHELLS,660,0
4600,SUBMISSION,,VOLCANIC_ROCK_VOUCHER_10000,SEASHELLS,178,12
4700,,SUBMISSION,VOLCANIC_ROCK,SEASHELLS,10162,38
4700,,,JAMS,SEASHELLS,6515,6
4700,SUBMISSION,,VOLCANIC_ROCK_VOUCHER_10000,SEASHELLS,178,19
4700,SUBMISSION,,VOLCANIC_ROCK_VOUCHER_10000,SEASHELLS,178,1
4800,,SUBMISSION,VOLCANIC_ROCK_VOUCHER_9750,SEASHELLS,412,17
4800,,SUBMISSION,VOLCANIC_ROCK_VOUCHER_9750,SEASHELLS,412,0
4800,,SUBMISSION,VOLCANIC_ROCK_VOUCHER_9750,SEASHELLS,412,1
4900,,,CROISSANTS,SEASHELLS,4238,5
4900,,SUBMISSION,RAINFOREST_RESIN,SEASHELLS,10001,1
5000,,SUBMISSION,VOLCANIC_ROCK_VOUCHER_10000,SEASHELLS,179,14
5000,SUBMISSION,,VOLCANIC_ROCK_VOUCHER_9500,SEASHELLS,658,14
5000,,SUBMISSION,RAINFOREST_RESIN,SEASHELLS,10002,4
5100,,,RAINFOREST_RESIN,SEASHELLS,10000,2
5100,,,KELP,SEASHELLS,2039,8
5100,,SUBMISSION,VOLCANIC_ROCK_VOUCHER_10000,SEASHELLS,179,14
5100,,,SQUID_INK,SEASHELLS,1835,8
5200,SUBMISSION,,RAINFOREST_RESIN,SEASHELLS,9998,3
5200,SUBMISSION,,VOLCANIC_ROCK_VOUCHER_9500,SEASHELLS,654,14
5200,SUBMISSION,,VOLCANIC_ROCK_VOUCHER_10000,SEASHELLS,172,14
5300,,,KELP,SEASHELLS,2039,7
5300,SUBMISSION,,VOLCANIC_ROCK_VOUCHER_9750,SEASHELLS,410,19
5300,SUBMISSION,,VOLCANIC_ROCK_VOUCHER_9750,SEASHELLS,410,0
5300,,,SQUID_INK,SEASHELLS,1836,7
5300,SUBMISSION,,RAINFOREST_RESIN,SEASHELLS,9993,7
5300,,SUBMISSION,VOLCANIC_ROCK_VOUCHER_9500,SEASHELLS,658,1
5300,,SUBMISSION,VOLCANIC_ROCK_VOUCHER_9500,SEASHELLS,658,19
5300,SUBMISSION,,VOLCANIC_ROCK_VOUCHER_9750,SEASHELLS,410,1
5600,,SUBMISSION,VOLCANIC_ROCK_VOUCHER_9750,SEASHELLS,411,15
5600,SUBMISSION,,VOLCANIC_ROCK_VOUCHER_9500,SEASHELLS,660,15
5700,,SUBMISSION,VOLCANIC_ROCK_VOUCHER_10000,SEASHELLS,179,15
5700,,SUBMISSION,VOLCANIC_ROCK_VOUCHER_10000,SEASHELLS,179,1
5700,,SUBMISSION,VOLCANIC_ROCK_VOUCHER_9500,SEASHELLS,660,15
5700,SUBMISSION,,VOLCANIC_ROCK,SEASHELLS,10160,40
5700,,,SQUID_INK,SEASHELLS,1838,2
5700,,SUBMISSION,VOLCANIC_ROCK_VOUCHER_9500,SEASHELLS,660,0
5700,,,KELP,SEASHELLS,2039,2
5700,,SUBMISSION,VOLCANIC_ROCK_VOUCHER_10000,SEASHELLS,179,0
5700,,SUBMISSION,VOLCANIC_ROCK_VOUCHER_9500,SEASHELLS,660,1
5800,SUBMISSION,,RAINFOREST_RESIN,SEASHELLS,9993,6
5800,,SUBMISSION,VOLCANIC_ROCK_VOUCHER_9750,SEASHELLS,410,19
5900,,,VOLCANIC_ROCK,SEASHELLS,10157,5
5900,SUBMISSION,,VOLCANIC_ROCK_VOUCHER_10000,SEASHELLS,174,15
5900,SUBMISSION,,VOLCANIC_ROCK_VOUCHER_9500,SEASHELLS,658,15
6000,,SUBMISSION,VOLCANIC_ROCK_VOUCHER_10000,SEASHELLS,180,0
6000,SUBMISSION,,RAINFOREST_RESIN,SEASHELLS,9993,4
6000,,SUBMISSION,VOLCANIC_ROCK_VOUCHER_9750,SEASHELLS,412,14
6000,,SUBMISSION,VOLCANIC_ROCK_VOUCHER_9750,SEASHELLS,412,2
6000,,SUBMISSION,VOLCANIC_ROCK_VOUCHER_9500,SEASHELLS,660,14
6000,,SUBMISSION,VOLCANIC_ROCK_VOUCHER_9750,SEASHELLS,412,0
6000,,SUBMISSION,VOLCANIC_ROCK_VOUCHER_10000,SEASHELLS,180,14
6000,,SUBMISSION,VOLCANIC_ROCK_VOUCHER_9500,SEASHELLS,660,2
6000,,SUBMISSION,VOLCANIC_ROCK_VOUCHER_9500,SEASHELLS,660,0
6000,,SUBMISSION,VOLCANIC_ROCK_VOUCHER_10000,SEASHELLS,180,2
6100,SUBMISSION,,VOLCANIC_ROCK_VOUCHER_9750,SEASHELLS,412,13
6100,,,CROISSANTS,SEASHELLS,4239,7
6100,,SUBMISSION,VOLCANIC_ROCK_VOUCHER_9500,SEASHELLS,660,13
6100,,SUBMISSION,VOLCANIC_ROCK_VOUCHER_9500,SEASHELLS,660,0
6100,SUBMISSION,,VOLCANIC_ROCK_VOUCHER_9750,SEASHELLS,412,1
6100,SUBMISSION,,VOLCANIC_ROCK_VOUCHER_9750,SEASHELLS,412,0
6100,,SUBMISSION,VOLCANIC_ROCK_VOUCHER_9500,SEASHELLS,660,1
6100,,SUBMISSION,VOLCANIC_ROCK_VOUCHER_10000,SEASHELLS,180,0
6100,,SUBMISSION,VOLCANIC_ROCK_VOUCHER_10000,SEASHELLS,180,13
6100,,SUBMISSION,VOLCANIC_ROCK_VOUCHER_10000,SEASHELLS,180,1
6200,SUBMISSION,,VOLCANIC_ROCK_VOUCHER_9500,SEASHELLS,658,12
6200,SUBMISSION,,VOLCANIC_ROCK_VOUCHER_9500,SEASHELLS,658,1
6200,SUBMISSION,,VOLCANIC_ROCK_VOUCHER_9500,SEASHELLS,658,0
6300,SUBMISSION,,VOLCANIC_ROCK_VOUCHER_9750,SEASHELLS,410,0
6300,SUBMISSION,,VOLCANIC_ROCK_VOUCHER_9500,SEASHELLS,658,2
6300,,,SQUID_INK,SEASHELLS,1836,1
6300,SUBMISSION,,VOLCANIC_ROCK_VOUCHER_9750,SEASHELLS,410,2
6300,SUBMISSION,,VOLCANIC_ROCK_VOUCHER_9500,SEASHELLS,658,0
6300,,,KELP,SEASHELLS,2038,1
6300,SUBMISSION,,VOLCANIC_ROCK_VOUCHER_9750,SEASHELLS,410,12
6300,,,SQUID_INK,SEASHELLS,1836,10
6300,,,KELP,SEASHELLS,2039,8
6300,,,KELP,SEASHELLS,2039,2
6300,,SUBMISSION,RAINFOREST_RESIN,SEASHELLS,10007,4
6300,SUBMISSION,,VOLCANIC_ROCK_VOUCHER_9500,SEASHELLS,658,12
6400,SUBMISSION,,VOLCANIC_ROCK_VOUCHER_9500,SEASHELLS,656,18
6400,SUBMISSION,,VOLCANIC_ROCK_VOUCHER_9500,SEASHELLS,656,0
6400,,,KELP,SEASHELLS,2039,1
6400,,,SQUID_INK,SEASHELLS,1837,1
6400,SUBMISSION,,VOLCANIC_ROCK_VOUCHER_9500,SEASHELLS,656,1
6500,,SUBMISSION,VOLCANIC_ROCK_VOUCHER_9750,SEASHELLS,408,17
6600,,SUBMISSION,VOLCANIC_ROCK_VOUCHER_9500,SEASHELLS,657,1
6600,,SUBMISSION,VOLCANIC_ROCK_VOUCHER_9500,SEASHELLS,657,0
6600,SUBMISSION,,VOLCANIC_ROCK_VOUCHER_10000,SEASHELLS,176,14
6600,,SUBMISSION,VOLCANIC_ROCK_VOUCHER_9500,SEASHELLS,657,14
6600,,,CROISSANTS,SEASHELLS,4239,8
6600,SUBMISSION,,VOLCANIC_ROCK_VOUCHER_10000,SEASHELLS,176,1
6600,SUBMISSION,,VOLCANIC_ROCK_VOUCHER_10000,SEASHELLS,176,0
6700,,,DJEMBES,SEASHELLS,13298,4
6700,SUBMISSION,,RAINFOREST_RESIN,SEASHELLS,9998,3
6800,SUBMISSION,,VOLCANIC_ROCK_VOUCHER_10000,SEASHELLS,178,0
6800,SUBMISSION,,VOLCANIC_ROCK_VOUCHER_10000,SEASHELLS,178,2
6800,,SUBMISSION,VOLCANIC_ROCK_VOUCHER_9750,SEASHELLS,412,0
6800,SUBMISSION,,VOLCANIC_ROCK_VOUCHER_10000,SEASHELLS,178,11
6800,,SUBMISSION,VOLCANIC_ROCK_VOUCHER_9750,SEASHELLS,412,2
6800,,SUBMISSION,VOLCANIC_ROCK_VOUCHER_9750,SEASHELLS,412,11
6900,SUBMISSION,,VOLCANIC_ROCK_VOUCHER_9500,SEASHELLS,662,2
6900,,SUBMISSION,RAINFOREST_RESIN,SEASHELLS,10007,1
6900,,,CROISSANTS,SEASHELLS,4239,7
7000,SUBMISSION,,VOLCANIC_ROCK_VOUCHER_9500,SEASHELLS,660,0
7000,SUBMISSION,,VOLCANIC_ROCK_VOUCHER_9500,SEASHELLS,660,17
7000,SUBMISSION,,VOLCANIC_ROCK_VOUCHER_9500,SEASHELLS,660,2
7100,SUBMISSION,,VOLCANIC_ROCK_VOUCHER_9750,SEASHELLS,412,0
7100,SUBMISSION,,VOLCANIC_ROCK_VOUCHER_9750,SEASHELLS,412,2
7100,,SUBMISSION,VOLCANIC_ROCK_VOUCHER_9500,SEASHELLS,660,2
7100,SUBMISSION,,VOLCANIC_ROCK_VOUCHER_9750,SEASHELLS,412,10
7100,,SUBMISSION,VOLCANIC_ROCK_VOUCHER_9500,SEASHELLS,660,7
7100,,SUBMISSION,VOLCANIC_ROCK_VOUCHER_9500,SEASHELLS,660,10
7100,,SUBMISSION,VOLCANIC_ROCK_VOUCHER_9500,SEASHELLS,660,0
7200,,,CROISSANTS,SEASHELLS,4238,4
7200,SUBMISSION,,VOLCANIC_ROCK_VOUCHER_9500,SEASHELLS,658,0
7200,SUBMISSION,,VOLCANIC_ROCK_VOUCHER_9500,SEASHELLS,658,1
7200,SUBMISSION,,VOLCANIC_ROCK_VOUCHER_9500,SEASHELLS,658,11
7300,,SUBMISSION,RAINFOREST_RESIN,SEASHELLS,10002,4
7300,,SUBMISSION,VOLCANIC_ROCK_VOUCHER_9500,SEASHELLS,658,12
7500,SUBMISSION,,VOLCANIC_ROCK_VOUCHER_9500,SEASHELLS,664,0
7500,,SUBMISSION,VOLCANIC_ROCK_VOUCHER_10000,SEASHELLS,182,2
7500,,SUBMISSION,VOLCANIC_ROCK_VOUCHER_10000,SEASHELLS,182,0
7500,SUBMISSION,,VOLCANIC_ROCK_VOUCHER_9500,SEASHELLS,664,2
7500,,SUBMISSION,VOLCANIC_ROCK_VOUCHER_10000,SEASHELLS,182,11
7500,,,VOLCANIC_ROCK,SEASHELLS,10163,6
7500,SUBMISSION,,VOLCANIC_ROCK_VOUCHER_9500,SEASHELLS,664,11
7500,,,KELP,SEASHELLS,2039,5
7600,SUBMISSION,,VOLCANIC_ROCK_VOUCHER_10000,SEASHELLS,184,2
7600,SUBMISSION,,VOLCANIC_ROCK_VOUCHER_9750,SEASHELLS,420,18
7600,SUBMISSION,,VOLCANIC_ROCK_VOUCHER_9750,SEASHELLS,420,2
7600,,SUBMISSION,VOLCANIC_ROCK_VOUCHER_9500,SEASHELLS,668,18
7600,,SUBMISSION,VOLCANIC_ROCK_VOUCHER_9500,SEASHELLS,668,2
7600,SUBMISSION,,VOLCANIC_ROCK_VOUCHER_10000,SEASHELLS,184,18
7700,,,KELP,SEASHELLS,2040,1
7700,,SUBMISSION,VOLCANIC_ROCK_VOUCHER_9750,SEASHELLS,416,20
7700,,,SQUID_INK,SEASHELLS,1842,1
7800,,SUBMISSION,RAINFOREST_RESIN,SEASHELLS,10002,5
7800,,,DJEMBES,SEASHELLS,13290,4
7800,,SUBMISSION,VOLCANIC_ROCK_VOUCHER_9750,SEASHELLS,416,12
7800,,SUBMISSION,VOLCANIC_ROCK_VOUCHER_9750,SEASHELLS,416,2
7800,,SUBMISSION,VOLCANIC_ROCK_VOUCHER_9750,SEASHELLS,416,0
7900,SUBMISSION,,VOLCANIC_ROCK_VOUCHER_9750,SEASHELLS,418,20
7900,,SUBMISSION,VOLCANIC_ROCK,SEASHELLS,10166,15
8000,,,KELP,SEASHELLS,2041,2
8000,,SUBMISSION,VOLCANIC_ROCK_VOUCHER_10000,SEASHELLS,183,0
8000,,,SQUID_INK,SEASHELLS,1841,1
8000,,SUBMISSION,VOLCANIC_ROCK_VOUCHER_10000,SEASHELLS,183,12
8000,,,SQUID_INK,SEASHELLS,1842,2
8000,,SUBMISSION,VOLCANIC_ROCK_VOUCHER_10000,SEASHELLS,183,2
8000,,,KELP,SEASHELLS,2040,1
8100,,,SQUID_INK,SEASHELLS,1838,1
8100,,SUBMISSION,VOLCANIC_ROCK_VOUCHER_10000,SEASHELLS,184,12
8100,,,KELP,SEASHELLS,2038,1
8100,,SUBMISSION,VOLCANIC_ROCK_VOUCHER_10000,SEASHELLS,184,2
8100,,SUBMISSION,VOLCANIC_ROCK_VOUCHER_10000,SEASHELLS,184,0
8200,,SUBMISSION,RAINFOREST_RESIN,SEASHELLS,10007,2
8200,SUBMISSION,,VOLCANIC_ROCK_VOUCHER_10000,SEASHELLS,180,1
8200,SUBMISSION,,VOLCANIC_ROCK_VOUCHER_10000,SEASHELLS,180,19
8400,,SUBMISSION,VOLCANIC_ROCK_VOUCHER_10000,SEASHELLS,182,16
8400,,SUBMISSION,VOLCANIC_ROCK_VOUCHER_10000,SEASHELLS,182,1
8400,,SUBMISSION,VOLCANIC_ROCK_VOUCHER_10000,SEASHELLS,182,0
8500,SUBMISSION,,VOLCANIC_ROCK,SEASHELLS,10170,40
8600,,,DJEMBES,SEASHELLS,13295,2
8600,SUBMISSION,,VOLCANIC_ROCK_VOUCHER_10000,SEASHELLS,184,18
8600,SUBMISSION,,VOLCANIC_ROCK_VOUCHER_10000,SEASHELLS,184,2
8600,SUBMISSION,,VOLCANIC_ROCK_VOUCHER_9750,SEASHELLS,420,2
8600,,SUBMISSION,VOLCANIC_ROCK,SEASHELLS,10168,30
8600,SUBMISSION,,VOLCANIC_ROCK_VOUCHER_9750,SEASHELLS,420,18
8700,SUBMISSION,,RAINFOREST_RESIN,SEASHELLS,9993,2
8700,,SUBMISSION,VOLCANIC_ROCK_VOUCHER_10000,SEASHELLS,184,19
8700,,SUBMISSION,VOLCANIC_ROCK_VOUCHER_10000,SEASHELLS,184,1
8800,SUBMISSION,,VOLCANIC_ROCK_VOUCHER_9750,SEASHELLS,418,10
8800,,SUBMISSION,VOLCANIC_ROCK_VOUCHER_9500,SEASHELLS,666,10
8800,,SUBMISSION,VOLCANIC_ROCK_VOUCHER_9500,SEASHELLS,666,0
8800,,,RAINFOREST_RESIN,SEASHELLS,9997,4
8800,SUBMISSION,,RAINFOREST_RESIN,SEASHELLS,9997,7
8800,,,JAMS,SEASHELLS,6512,4
8800,SUBMISSION,,VOLCANIC_ROCK_VOUCHER_9750,SEASHELLS,418,0
8800,SUBMISSION,,RAINFOREST_RESIN,SEASHELLS,9993,1
8800,,SUBMISSION,VOLCANIC_ROCK_VOUCHER_9500,SEASHELLS,666,2
8800,SUBMISSION,,VOLCANIC_ROCK_VOUCHER_9750,SEASHELLS,418,2
8900,,SUBMISSION,VOLCANIC_ROCK_VOUCHER_9500,SEASHELLS,664,1
8900,,SUBMISSION,VOLCANIC_ROCK_VOUCHER_9500,SEASHELLS,664,12
8900,SUBMISSION,,RAINFOREST_RESIN,SEASHELLS,9998,3
8900,,SUBMISSION,VOLCANIC_ROCK_VOUCHER_9500,SEASHELLS,664,0
9000,,SUBMISSION,VOLCANIC_ROCK_VOUCHER_9500,SEASHELLS,660,20
9100,,,CROISSANTS,SEASHELLS,4239,5
9100,SUBMISSION,,VOLCANIC_ROCK_VOUCHER_10000,SEASHELLS,180,1
9100,,SUBMISSION,VOLCANIC_ROCK_VOUCHER_9500,SEASHELLS,662,1
9100,SUBMISSION,,VOLCANIC_ROCK_VOUCHER_10000,SEASHELLS,180,16
9100,,,SQUID_INK,SEASHELLS,1840,1
9100,,SUBMISSION,VOLCANIC_ROCK_VOUCHER_9500,SEASHELLS,662,0
9100,,SUBMISSION,RAINFOREST_RESIN,SEASHELLS,10002,3
9100,,,RAINFOREST_RESIN,SEASHELLS,10002,1
9100,SUBMISSION,,VOLCANIC_ROCK_VOUCHER_10000,SEASHELLS,180,0
9100,,SUBMISSION,VOLCANIC_ROCK_VOUCHER_9500,SEASHELLS,662,16
9100,,,KELP,SEASHELLS,2038,1
9200,,SUBMISSION,VOLCANIC_ROCK_VOUCHER_9500,SEASHELLS,662,18
9200,SUBMISSION,,RAINFOREST_RESIN,SEASHELLS,9998,5
9200,,SUBMISSION,VOLCANIC_ROCK_VOUCHER_9500,SEASHELLS,662,2
9300,SUBMISSION,,VOLCANIC_ROCK,SEASHELLS,10164,40
9300,,SUBMISSION,VOLCANIC_ROCK_VOUCHER_9750,SEASHELLS,415,0
9300,,SUBMISSION,VOLCANIC_ROCK_VOUCHER_9750,SEASHELLS,415,16
9300,SUBMISSION,,VOLCANIC_ROCK_VOUCHER_9500,SEASHELLS,664,1
9300,,SUBMISSION,VOLCANIC_ROCK_VOUCHER_9750,SEASHELLS,415,1
9400,,,VOLCANIC_ROCK_VOUCHER_10500,SEASHELLS,3,1
9400,,,VOLCANIC_ROCK_VOUCHER_10250,SEASHELLS,35,19
9400,,,VOLCANIC_ROCK_VOUCHER_9750,SEASHELLS,414,1
9400,,,VOLCANIC_ROCK_VOUCHER_9750,SEASHELLS,414,19
9400,,,VOLCANIC_ROCK_VOUCHER_10250,SEASHELLS,35,1
9400,,,VOLCANIC_ROCK_VOUCHER_10500,SEASHELLS,3,19
9400,,,VOLCANIC_ROCK_VOUCHER_9500,SEASHELLS,663,19
9400,,,VOLCANIC_ROCK_VOUCHER_10000,SEASHELLS,178,1
9400,,,VOLCANIC_ROCK_VOUCHER_10000,SEASHELLS,178,19
9400,,,VOLCANIC_ROCK_VOUCHER_9500,SEASHELLS,663,1
9500,,,CROISSANTS,SEASHELLS,4239,6
9600,,,KELP,SEASHELLS,2038,3
9600,,,KELP,SEASHELLS,2037,1
9600,SUBMISSION,,VOLCANIC_ROCK_VOUCHER_9750,SEASHELLS,410,11
9600,,,SQUID_INK,SEASHELLS,1842,3
9600,SUBMISSION,,RAINFOREST_RESIN,SEASHELLS,9999,1
9600,,,SQUID_INK,SEASHELLS,1841,1
9700,,,KELP,SEASHELLS,2037,1
9800,,SUBMISSION,VOLCANIC_ROCK_VOUCHER_9750,SEASHELLS,412,13
9800,SUBMISSION,,RAINFOREST_RESIN,SEASHELLS,9998,3
9900,,SUBMISSION,VOLCANIC_ROCK_VOUCHER_9500,SEASHELLS,662,12
9900,,SUBMISSION,VOLCANIC_ROCK_VOUCHER_9750,SEASHELLS,414,1
9900,,,DJEMBES,SEASHELLS,13295,1
9900,,SUBMISSION,VOLCANIC_ROCK_VOUCHER_9750,SEASHELLS,414,0
9900,,SUBMISSION,VOLCANIC_ROCK_VOUCHER_9500,SEASHELLS,662,0
9900,,SUBMISSION,VOLCANIC_ROCK_VOUCHER_9500,SEASHELLS,662,1
9900,,SUBMISSION,VOLCANIC_ROCK_VOUCHER_9750,SEASHELLS,414,12
10000,,,VOLCANIC_ROCK_VOUCHER_10250,SEASHELLS,35,11
10000,SUBMISSION,,VOLCANIC_ROCK_VOUCHER_9750,SEASHELLS,414,2
10000,SUBMISSION,,VOLCANIC_ROCK_VOUCHER_9750,SEASHELLS,414,0
10000,,,VOLCANIC_ROCK_VOUCHER_9500,SEASHELLS,662,11
10000,SUBMISSION,,VOLCANIC_ROCK_VOUCHER_9750,SEASHELLS,414,12
10000,,,VOLCANIC_ROCK_VOUCHER_10500,SEASHELLS,3,11
10000,,,CROISSANTS,SEASHELLS,4239,5
10000,,,VOLCANIC_ROCK_VOUCHER_9750,SEASHELLS,413,11
10000,,,VOLCANIC_ROCK_VOUCHER_10000,SEASHELLS,180,11
10100,SUBMISSION,,VOLCANIC_ROCK_VOUCHER_9750,SEASHELLS,414,0
10100,,SUBMISSION,VOLCANIC_ROCK_VOUCHER_9500,SEASHELLS,662,0
10100,SUBMISSION,,VOLCANIC_ROCK_VOUCHER_9750,SEASHELLS,414,1
10100,,SUBMISSION,VOLCANIC_ROCK_VOUCHER_9500,SEASHELLS,662,1
10100,SUBMISSION,,VOLCANIC_ROCK_VOUCHER_10000,SEASHELLS,180,10
10100,SUBMISSION,,VOLCANIC_ROCK_VOUCHER_10000,SEASHELLS,180,0
10100,,SUBMISSION,VOLCANIC_ROCK_VOUCHER_9500,SEASHELLS,662,10
10100,SUBMISSION,,VOLCANIC_ROCK_VOUCHER_10000,SEASHELLS,180,1
10100,SUBMISSION,,VOLCANIC_ROCK_VOUCHER_9750,SEASHELLS,414,10
10200,,,VOLCANIC_ROCK_VOUCHER_10000,SEASHELLS,181,14
10200,,SUBMISSION,VOLCANIC_ROCK_VOUCHER_10000,SEASHELLS,181,2
10200,SUBMISSION,,RAINFOREST_RESIN,SEASHELLS,9999,1
10200,,,VOLCANIC_ROCK_VOUCHER_9500,SEASHELLS,662,14
10200,,,VOLCANIC_ROCK_VOUCHER_10500,SEASHELLS,3,14
10200,,,VOLCANIC_ROCK_VOUCHER_9750,SEASHELLS,414,14
10200,,SUBMISSION,VOLCANIC_ROCK_VOUCHER_9750,SEASHELLS,414,2
10200,,,VOLCANIC_ROCK_VOUCHER_10250,SEASHELLS,35,14
10300,SUBMISSION,,RAINFOREST_RESIN,SEASHELLS,9993,2
10300,,SUBMISSION,VOLCANIC_ROCK_VOUCHER_9750,SEASHELLS,413,2
10300,,SUBMISSION,VOLCANIC_ROCK_VOUCHER_10000,SEASHELLS,180,0
10300,,SUBMISSION,VOLCANIC_ROCK_VOUCHER_9750,SEASHELLS,413,14
10300,SUBMISSION,,VOLCANIC_ROCK_VOUCHER_9500,SEASHELLS,662,14
10300,,SUBMISSION,VOLCANIC_ROCK_VOUCHER_10000,SEASHELLS,180,2
10300,SUBMISSION,,VOLCANIC_ROCK_VOUCHER_9500,SEASHELLS,662,2
10300,,SUBMISSION,VOLCANIC_ROCK_VOUCHER_9750,SEASHELLS,413,0
10300,SUBMISSION,,VOLCANIC_ROCK_VOUCHER_9500,SEASHELLS,662,0
10300,,SUBMISSION,VOLCANIC_ROCK_VOUCHER_10000,SEASHELLS,180,14
10400,SUBMISSION,,VOLCANIC_ROCK_VOUCHER_10000,SEASHELLS,176,12
10400,SUBMISSION,,VOLCANIC_ROCK_VOUCHER_10000,SEASHELLS,176,2
10400,SUBMISSION,,VOLCANIC_ROCK_VOUCHER_10000,SEASHELLS,176,0
10500,,SUBMISSION,VOLCANIC_ROCK_VOUCHER_9500,SEASHELLS,664,20
10500,SUBMISSION,,VOLCANIC_ROCK_VOUCHER_9750,SEASHELLS,416,20
10500,,SUBMISSION,VOLCANIC_ROCK_VOUCHER_10000,SEASHELLS,185,20
10600,SUBMISSION,,VOLCANIC_ROCK_VOUCHER_9500,SEASHELLS,666,19
10600,SUBMISSION,,VOLCANIC_ROCK_VOUCHER_9500,SEASHELLS,666,1
10600,SUBMISSION,,VOLCANIC_ROCK_VOUCHER_9500,SEASHELLS,666,0
10700,,SUBMISSION,VOLCANIC_ROCK_VOUCHER_9500,SEASHELLS,664,14
10700,,SUBMISSION,VOLCANIC_ROCK_VOUCHER_9500,SEASHELLS,664,1
10700,,SUBMISSION,VOLCANIC_ROCK_VOUCHER_9500,SEASHELLS,664,0
10800,,,KELP,SEASHELLS,2039,1
10800,,,SQUID_INK,SEASHELLS,1847,1
10800,,,SQUID_INK,SEASHELLS,1847,11
10800,,SUBMISSION,RAINFOREST_RESIN,SEASHELLS,10007,8
10900,,SUBMISSION,VOLCANIC_ROCK_VOUCHER_9750,SEASHELLS,416,16
10900,,,KELP,SEASHELLS,2037,2
10900,,SUBMISSION,VOLCANIC_ROCK_VOUCHER_9750,SEASHELLS,416,2
10900,SUBMISSION,,KELP,SEASHELLS,2037,2
10900,,SUBMISSION,VOLCANIC_ROCK_VOUCHER_9750,SEASHELLS,416,0
11000,SUBMISSION,,VOLCANIC_ROCK_VOUCHER_9750,SEASHELLS,418,18
11000,SUBMISSION,,VOLCANIC_ROCK_VOUCHER_9750,SEASHELLS,418,1
11000,,SUBMISSION,VOLCANIC_ROCK_VOUCHER_9500,SEASHELLS,666,1
11000,,SUBMISSION,VOLCANIC_ROCK_VOUCHER_9500,SEASHELLS,666,0
11000,,SUBMISSION,VOLCANIC_ROCK_VOUCHER_9500,SEASHELLS,666,18
11000,SUBMISSION,,VOLCANIC_ROCK_VOUCHER_9750,SEASHELLS,418,0
11100,SUBMISSION,,VOLCANIC_ROCK_VOUCHER_10000,SEASHELLS,180,15
11100,SUBMISSION,,VOLCANIC_ROCK_VOUCHER_10000,SEASHELLS,180,2
11100,,SUBMISSION,RAINFOREST_RESIN,SEASHELLS,10002,3
11100,SUBMISSION,,VOLCANIC_ROCK_VOUCHER_10000,SEASHELLS,180,0
11200,,SUBMISSION,VOLCANIC_ROCK_VOUCHER_10000,SEASHELLS,181,10
11200,,SUBMISSION,VOLCANIC_ROCK_VOUCHER_10000,SEASHELLS,181,0
11200,,SUBMISSION,VOLCANIC_ROCK_VOUCHER_10000,SEASHELLS,181,1
11300,,SUBMISSION,RAINFOREST_RESIN,SEASHELLS,10007,1
11300,,SUBMISSION,VOLCANIC_ROCK_VOUCHER_9750,SEASHELLS,412,11
11400,,,KELP,SEASHELLS,2037,2
11400,,,SQUID_INK,SEASHELLS,1847,1
11400,,,SQUID_INK,SEASHELLS,1846,2
11400,,,KELP,SEASHELLS,2038,1
11400,SUBMISSION,,VOLCANIC_ROCK_VOUCHER_9750,SEASHELLS,412,19
11500,,,VOLCANIC_ROCK,SEASHELLS,10164,8
11500,,,CROISSANTS,SEASHELLS,4238,8
11600,SUBMISSION,,VOLCANIC_ROCK_VOUCHER_9500,SEASHELLS,662,14
11600,,,JAMS,SEASHELLS,6515,8
11700,,SUBMISSION,VOLCANIC_ROCK_VOUCHER_9500,SEASHELLS,662,0
11700,SUBMISSION,,VOLCANIC_ROCK_VOUCHER_10000,SEASHELLS,180,2
11700,,SUBMISSION,VOLCANIC_ROCK_VOUCHER_9500,SEASHELLS,662,2
11700,SUBMISSION,,VOLCANIC_ROCK_VOUCHER_10000,SEASHELLS,180,0
11700,SUBMISSION,,VOLCANIC_ROCK_VOUCHER_10000,SEASHELLS,180,14
11700,,SUBMISSION,VOLCANIC_ROCK_VOUCHER_9500,SEASHELLS,662,14
11800,,SUBMISSION,VOLCANIC_ROCK_VOUCHER_9500,SEASHELLS,658,10
11800,,,VOLCANIC_ROCK_VOUCHER_10000,SEASHELLS,175,10
11800,,,VOLCANIC_ROCK_VOUCHER_9750,SEASHELLS,410,10
11800,,,SQUID_INK,SEASHELLS,1846,1
11800,,,VOLCANIC_ROCK_VOUCHER_10250,SEASHELLS,34,10
11800,,,KELP,SEASHELLS,2036,1
11900,,,CROISSANTS,SEASHELLS,4238,8
12000,,,SQUID_INK,SEASHELLS,1847,1
12000,SUBMISSION,,KELP,SEASHELLS,2037,1
12000,,,JAMS,SEASHELLS,6514,7
12000,,SUBMISSION,VOLCANIC_ROCK_VOUCHER_9500,SEASHELLS,638,11
12100,,,CROISSANTS,SEASHELLS,4238,8
12100,,,DJEMBES,SEASHELLS,13301,1
12100,,SUBMISSION,VOLCANIC_ROCK_VOUCHER_10000,SEASHELLS,166,14
12200,,,PICNIC_BASKET1,SEASHELLS,58356,8
12200,SUBMISSION,,VOLCANIC_ROCK_VOUCHER_10000,SEASHELLS,170,1
12200,SUBMISSION,,VOLCANIC_ROCK_VOUCHER_10000,SEASHELLS,170,18
12200,,,SQUID_INK,SEASHELLS,1849,2
12200,,,KELP,SEASHELLS,2040,2
12200,SUBMISSION,,VOLCANIC_ROCK_VOUCHER_10000,SEASHELLS,170,0
12200,,,PICNIC_BASKET2,SEASHELLS,30084,8
12200,SUBMISSION,,RAINFOREST_RESIN,SEASHELLS,9998,3
12300,,,KELP,SEASHELLS,2039,1
12300,,,SQUID_INK,SEASHELLS,1848,1
12400,,SUBMISSION,KELP,SEASHELLS,2039,1
12400,,,SQUID_INK,SEASHELLS,1849,1
12500,,SUBMISSION,VOLCANIC_ROCK_VOUCHER_9750,SEASHELLS,392,12
12500,,,KELP,SEASHELLS,2039,3
12500,,SUBMISSION,VOLCANIC_ROCK_VOUCHER_9500,SEASHELLS,640,12
12600,,SUBMISSION,VOLCANIC_ROCK_VOUCHER_9750,SEASHELLS,380,3
12600,,SUBMISSION,VOLCANIC_ROCK_VOUCHER_9750,SEASHELLS,380,16
12600,SUBMISSION,,VOLCANIC_ROCK_VOUCHER_9500,SEASHELLS,628,16
12600,SUBMISSION,,VOLCANIC_ROCK_VOUCHER_9500,SEASHELLS,628,0
12600,,,PICNIC_BASKET1,SEASHELLS,58348,1
12600,SUBMISSION,,VOLCANIC_ROCK_VOUCHER_9500,SEASHELLS,628,1
12600,,SUBMISSION,VOLCANIC_ROCK_VOUCHER_9750,SEASHELLS,380,1
12600,,SUBMISSION,PICNIC_BASKET1,SEASHELLS,58348,5
12700,,,KELP,SEASHELLS,2037,1
12700,,SUBMISSION,VOLCANIC_ROCK_VOUCHER_10000,SEASHELLS,150,10
12800,,,VOLCANIC_ROCK_VOUCHER_9750,SEASHELLS,364,11
12800,,,SQUID_INK,SEASHELLS,1848,2
12800,,,VOLCANIC_ROCK_VOUCHER_9500,SEASHELLS,613,11
12800,,,VOLCANIC_ROCK_VOUCHER_10000,SEASHELLS,138,11
12800,,,KELP,SEASHELLS,2039,2
12800,,,VOLCANIC_ROCK_VOUCHER_10500,SEASHELLS,2,11
12800,,,VOLCANIC_ROCK_VOUCHER_10250,SEASHELLS,22,11
12900,,,PICNIC_BASKET2,SEASHELLS,30075,2
12900,,,VOLCANIC_ROCK,SEASHELLS,10114,10
12900,,,PICNIC_BASKET1,SEASHELLS,58343,2
12900,,SUBMISSION,VOLCANIC_ROCK_VOUCHER_10000,SEASHELLS,143,18
12900,,SUBMISSION,VOLCANIC_ROCK_VOUCHER_10000,SEASHELLS,143,2
13000,,,DJEMBES,SEASHELLS,13301,5
13200,SUBMISSION,,RAINFOREST_RESIN,SEASHELLS,9998,3
13200,,,RAINFOREST_RESIN,SEASHELLS,9998,1
13300,SUBMISSION,,VOLCANIC_ROCK_VOUCHER_9500,SEASHELLS,614,1
13300,SUBMISSION,,VOLCANIC_ROCK_VOUCHER_9750,SEASHELLS,366,0
13300,SUBMISSION,,VOLCANIC_ROCK_VOUCHER_9750,SEASHELLS,366,18
13300,SUBMISSION,,VOLCANIC_ROCK_VOUCHER_9500,SEASHELLS,614,0
13300,SUBMISSION,,VOLCANIC_ROCK_VOUCHER_9500,SEASHELLS,614,18
13300,SUBMISSION,,VOLCANIC_ROCK_VOUCHER_10000,SEASHELLS,138,1
13300,,,SQUID_INK,SEASHELLS,1852,1
13300,SUBMISSION,,VOLCANIC_ROCK_VOUCHER_10000,SEASHELLS,138,18
13300,,,KELP,SEASHELLS,2038,1
13300,,,VOLCANIC_ROCK,SEASHELLS,10114,3
13300,SUBMISSION,,VOLCANIC_ROCK_VOUCHER_10000,SEASHELLS,138,0
13300,SUBMISSION,,VOLCANIC_ROCK_VOUCHER_9750,SEASHELLS,366,1
13400,,,KELP,SEASHELLS,2038,1
13400,,SUBMISSION,VOLCANIC_ROCK_VOUCHER_10000,SEASHELLS,142,10
13400,,,SQUID_INK,SEASHELLS,1853,1
13500,SUBMISSION,,VOLCANIC_ROCK_VOUCHER_10000,SEASHELLS,140,2
13500,SUBMISSION,,VOLCANIC_ROCK_VOUCHER_10000,SEASHELLS,140,11
13500,SUBMISSION,,VOLCANIC_ROCK_VOUCHER_10000,SEASHELLS,140,0
13700,,,VOLCANIC_ROCK_VOUCHER_10000,SEASHELLS,147,11
13700,,,VOLCANIC_ROCK_VOUCHER_9500,SEASHELLS,621,11
13700,,,KELP,SEASHELLS,2040,1
13700,,,VOLCANIC_ROCK_VOUCHER_9750,SEASHELLS,373,11
13800,,SUBMISSION,RAINFOREST_RESIN,SEASHELLS,10002,5
13800,,,DJEMBES,SEASHELLS,13300,10
14000,,SUBMISSION,VOLCANIC_ROCK_VOUCHER_9500,SEASHELLS,618,20
14000,,SUBMISSION,VOLCANIC_ROCK_VOUCHER_10000,SEASHELLS,145,20
14200,,,DJEMBES,SEASHELLS,13302,2
14200,,SUBMISSION,RAINFOREST_RESIN,SEASHELLS,10002,6
14300,,SUBMISSION,VOLCANIC_ROCK_VOUCHER_9750,SEASHELLS,382,0
14300,,,VOLCANIC_ROCK_VOUCHER_10000,SEASHELLS,153,1
14300,,,VOLCANIC_ROCK_VOUCHER_10500,SEASHELLS,2,16
14300,,,VOLCANIC_ROCK_VOUCHER_9500,SEASHELLS,629,16
14300,,,VOLCANIC_ROCK_VOUCHER_10250,SEASHELLS,26,1
14300,,,VOLCANIC_ROCK_VOUCHER_9750,SEASHELLS,382,16
14300,,,VOLCANIC_ROCK_VOUCHER_9500,SEASHELLS,629,1
14300,,,VOLCANIC_ROCK_VOUCHER_10250,SEASHELLS,26,16
14300,,,VOLCANIC_ROCK_VOUCHER_9750,SEASHELLS,382,1
14300,,,VOLCANIC_ROCK_VOUCHER_10500,SEASHELLS,2,1
14300,,,VOLCANIC_ROCK_VOUCHER_10000,SEASHELLS,153,16
14300,,SUBMISSION,VOLCANIC_ROCK_VOUCHER_9750,SEASHELLS,382,12
14400,SUBMISSION,,VOLCANIC_ROCK_VOUCHER_9750,SEASHELLS,380,0
14400,SUBMISSION,,VOLCANIC_ROCK_VOUCHER_9750,SEASHELLS,380,17
14400,SUBMISSION,,VOLCANIC_ROCK_VOUCHER_10000,SEASHELLS,150,2
14400,SUBMISSION,,VOLCANIC_ROCK_VOUCHER_10000,SEASHELLS,150,0
14400,SUBMISSION,,VOLCANIC_ROCK_VOUCHER_10000,SEASHELLS,150,17
14400,,,DJEMBES,SEASHELLS,13301,2
14400,SUBMISSION,,VOLCANIC_ROCK_VOUCHER_9750,SEASHELLS,380,2
14500,,,JAMS,SEASHELLS,6515,3
14600,,,VOLCANIC_ROCK_VOUCHER_10250,SEASHELLS,25,12
14600,SUBMISSION,,VOLCANIC_ROCK_VOUCHER_9500,SEASHELLS,628,17
14600,,,VOLCANIC_ROCK,SEASHELLS,10127,6
14600,,,VOLCANIC_ROCK_VOUCHER_9500,SEASHELLS,627,12
14600,,,VOLCANIC_ROCK_VOUCHER_9750,SEASHELLS,379,12
14600,,,VOLCANIC_ROCK_VOUCHER_10500,SEASHELLS,2,12
14600,SUBMISSION,,VOLCANIC_ROCK_VOUCHER_9500,SEASHELLS,628,0
14600,SUBMISSION,,VOLCANIC_ROCK_VOUCHER_9500,SEASHELLS,628,1
14600,,,VOLCANIC_ROCK_VOUCHER_10000,SEASHELLS,151,12
14700,,,KELP,SEASHELLS,2039,2
14700,,,CROISSANTS,SEASHELLS,4238,5
14700,,,SQUID_INK,SEASHELLS,1853,2
14900,,SUBMISSION,VOLCANIC_ROCK_VOUCHER_10000,SEASHELLS,151,18
14900,,,CROISSANTS,SEASHELLS,4238,5
14900,,SUBMISSION,VOLCANIC_ROCK_VOUCHER_10000,SEASHELLS,151,2
15000,,,SQUID_INK,SEASHELLS,1852,1
15000,,,KELP,SEASHELLS,2039,1
15000,,,PICNIC_BASKET1,SEASHELLS,58335,1
15000,,,PICNIC_BASKET2,SEASHELLS,30076,1
15000,SUBMISSION,,VOLCANIC_ROCK_VOUCHER_9500,SEASHELLS,626,20
15000,,SUBMISSION,PICNIC_BASKET1,SEASHELLS,58335,4
15000,,SUBMISSION,PICNIC_BASKET2,SEASHELLS,30076,4
15200,SUBMISSION,,VOLCANIC_ROCK_VOUCHER_10000,SEASHELLS,152,12
15200,,,SQUID_INK,SEASHELLS,1853,2
15300,,SUBMISSION,VOLCANIC_ROCK_VOUCHER_10000,SEASHELLS,154,15
15300,,,PICNIC_BASKET1,SEASHELLS,58325,2
15300,,,SQUID_INK,SEASHELLS,1852,1
15300,,SUBMISSION,VOLCANIC_ROCK_VOUCHER_10000,SEASHELLS,154,2
15300,,,PICNIC_BASKET1,SEASHELLS,58325,4
15300,,SUBMISSION,VOLCANIC_ROCK_VOUCHER_10000,SEASHELLS,154,0
15400,SUBMISSION,,VOLCANIC_ROCK_VOUCHER_10000,SEASHELLS,154,14
15500,,SUBMISSION,VOLCANIC_ROCK_VOUCHER_9750,SEASHELLS,384,20
15500,,,KELP,SEASHELLS,2039,10
15500,,,SQUID_INK,SEASHELLS,1849,10
15500,SUBMISSION,,RAINFOREST_RESIN,SEASHELLS,9999,1
15500,SUBMISSION,,VOLCANIC_ROCK_VOUCHER_10000,SEASHELLS,154,20
15600,,,PICNIC_BASKET1,SEASHELLS,58324,1
15600,,SUBMISSION,PICNIC_BASKET2,SEASHELLS,30073,4
15700,,SUBMISSION,VOLCANIC_ROCK_VOUCHER_10000,SEASHELLS,158,16
15700,,,CROISSANTS,SEASHELLS,4236,9
15800,,,VOLCANIC_ROCK_VOUCHER_10250,SEASHELLS,26,6
15800,SUBMISSION,,RAINFOREST_RESIN,SEASHELLS,9999,1
15800,,,VOLCANIC_ROCK_VOUCHER_10000,SEASHELLS,155,6
15800,,,VOLCANIC_ROCK_VOUCHER_9500,SEASHELLS,632,6
15800,,SUBMISSION,VOLCANIC_ROCK_VOUCHER_9750,SEASHELLS,384,13
15800,,,VOLCANIC_ROCK_VOUCHER_10500,SEASHELLS,2,6
15800,,,VOLCANIC_ROCK_VOUCHER_9750,SEASHELLS,384,6
15900,,,KELP,SEASHELLS,2041,1
15900,SUBMISSION,,RAINFOREST_RESIN,SEASHELLS,9999,1
15900,,,SQUID_INK,SEASHELLS,1856,1
16000,,,KELP,SEASHELLS,2039,9
16000,,SUBMISSION,VOLCANIC_ROCK_VOUCHER_10000,SEASHELLS,156,10
16000,,,SQUID_INK,SEASHELLS,1854,9
16100,,,JAMS,SEASHELLS,6514,9
16100,SUBMISSION,,VOLCANIC_ROCK_VOUCHER_9750,SEASHELLS,382,1
16100,SUBMISSION,,VOLCANIC_ROCK_VOUCHER_9750,SEASHELLS,382,19
16200,,,KELP,SEASHELLS,2039,1
16200,,,SQUID_INK,SEASHELLS,1850,1
16300,,SUBMISSION,VOLCANIC_ROCK_VOUCHER_10000,SEASHELLS,160,1
16300,,SUBMISSION,VOLCANIC_ROCK_VOUCHER_10000,SEASHELLS,160,0
16300,,,KELP,SEASHELLS,2040,2
16300,,SUBMISSION,VOLCANIC_ROCK_VOUCHER_10000,SEASHELLS,160,13
16300,,,SQUID_INK,SEASHELLS,1849,2
16400,,,PICNIC_BASKET2,SEASHELLS,30062,6
16400,SUBMISSION,,VOLCANIC_ROCK_VOUCHER_10000,SEASHELLS,156,0
16400,SUBMISSION,,VOLCANIC_ROCK_VOUCHER_9750,SEASHELLS,388,11
16400,SUBMISSION,,VOLCANIC_ROCK_VOUCHER_9750,SEASHELLS,388,0
16400,SUBMISSION,,VOLCANIC_ROCK_VOUCHER_9500,SEASHELLS,636,0
16400,,,PICNIC_BASKET1,SEASHELLS,58319,1
16400,SUBMISSION,,VOLCANIC_ROCK_VOUCHER_9750,SEASHELLS,388,1
16400,,SUBMISSION,RAINFOREST_RESIN,SEASHELLS,10001,1
16400,SUBMISSION,,VOLCANIC_ROCK_VOUCHER_10000,SEASHELLS,156,11
16400,SUBMISSION,,VOLCANIC_ROCK_VOUCHER_9500,SEASHELLS,636,1
16400,SUBMISSION,,VOLCANIC_ROCK_VOUCHER_10000,SEASHELLS,156,1
16400,SUBMISSION,,VOLCANIC_ROCK_VOUCHER_9500,SEASHELLS,636,11
16500,SUBMISSION,,RAINFOREST_RESIN,SEASHELLS,9999,1
16500,SUBMISSION,,VOLCANIC_ROCK_VOUCHER_10000,SEASHELLS,160,11
16600,,SUBMISSION,VOLCANIC_ROCK_VOUCHER_9750,SEASHELLS,391,1
16600,,SUBMISSION,VOLCANIC_ROCK_VOUCHER_9750,SEASHELLS,391,0
16600,,SUBMISSION,VOLCANIC_ROCK_VOUCHER_9750,SEASHELLS,391,13
16700,SUBMISSION,,VOLCANIC_ROCK_VOUCHER_9500,SEASHELLS,640,0
16700,SUBMISSION,,VOLCANIC_ROCK_VOUCHER_9500,SEASHELLS,640,2
16700,SUBMISSION,,VOLCANIC_ROCK_VOUCHER_9500,SEASHELLS,640,16
16800,,,KELP,SEASHELLS,2041,4
16900,,,CROISSANTS,SEASHELLS,4236,6
17000,,,DJEMBES,SEASHELLS,13307,2
17100,,,SQUID_INK,SEASHELLS,1849,2
17100,,,KELP,SEASHELLS,2042,2
17200,SUBMISSION,,RAINFOREST_RESIN,SEASHELLS,9999,1
17200,,SUBMISSION,VOLCANIC_ROCK_VOUCHER_10000,SEASHELLS,170,16
17200,SUBMISSION,,VOLCANIC_ROCK_VOUCHER_9750,SEASHELLS,400,1
17200,SUBMISSION,,VOLCANIC_ROCK_VOUCHER_9750,SEASHELLS,400,19
17300,,,JAMS,SEASHELLS,6514,11
17300,SUBMISSION,,VOLCANIC_ROCK_VOUCHER_10000,SEASHELLS,166,12
17300,,SUBMISSION,RAINFOREST_RESIN,SEASHELLS,10001,1
17300,SUBMISSION,,RAINFOREST_RESIN,SEASHELLS,9998,2
17500,,SUBMISSION,KELP,SEASHELLS,2041,1
17600,,,VOLCANIC_ROCK_VOUCHER_9750,SEASHELLS,390,16
17600,,,VOLCANIC_ROCK_VOUCHER_10500,SEASHELLS,2,16
17600,,,VOLCANIC_ROCK_VOUCHER_9500,SEASHELLS,639,16
17600,SUBMISSION,,VOLCANIC_ROCK_VOUCHER_10000,SEASHELLS,158,2
17600,,,VOLCANIC_ROCK_VOUCHER_10000,SEASHELLS,158,2
17600,,,VOLCANIC_ROCK_VOUCHER_10250,SEASHELLS,28,2
17600,SUBMISSION,,VOLCANIC_ROCK_VOUCHER_9500,SEASHELLS,639,2
17600,SUBMISSION,,VOLCANIC_ROCK_VOUCHER_10500,SEASHELLS,2,2
17600,SUBMISSION,,VOLCANIC_ROCK_VOUCHER_9750,SEASHELLS,390,2
17600,,,VOLCANIC_ROCK_VOUCHER_10000,SEASHELLS,158,16
17600,,,VOLCANIC_ROCK_VOUCHER_9750,SEASHELLS,390,2
17600,,,CROISSANTS,SEASHELLS,4238,6
17600,,,VOLCANIC_ROCK_VOUCHER_10500,SEASHELLS,2,2
17600,SUBMISSION,,VOLCANIC_ROCK_VOUCHER_10250,SEASHELLS,28,2
17600,,,VOLCANIC_ROCK_VOUCHER_9500,SEASHELLS,639,2
17600,,,VOLCANIC_ROCK_VOUCHER_10250,SEASHELLS,28,16
17700,,SUBMISSION,VOLCANIC_ROCK_VOUCHER_10000,SEASHELLS,162,13
17700,,,JAMS,SEASHELLS,6514,8
17800,,SUBMISSION,VOLCANIC_ROCK_VOUCHER_10000,SEASHELLS,160,20
17900,,,CROISSANTS,SEASHELLS,4237,8
17900,,,SQUID_INK,SEASHELLS,1846,3
17900,,,KELP,SEASHELLS,2040,1
17900,,,KELP,SEASHELLS,2038,1
17900,,,KELP,SEASHELLS,2040,3
17900,,,SQUID_INK,SEASHELLS,1844,1
17900,,,SQUID_INK,SEASHELLS,1846,1
18000,,,JAMS,SEASHELLS,6512,8
18100,SUBMISSION,,VOLCANIC_ROCK_VOUCHER_10000,SEASHELLS,160,14
18100,SUBMISSION,,VOLCANIC_ROCK_VOUCHER_10000,SEASHELLS,160,0
18100,SUBMISSION,,VOLCANIC_ROCK_VOUCHER_10000,SEASHELLS,160,1
18200,,SUBMISSION,VOLCANIC_ROCK_VOUCHER_10000,SEASHELLS,162,1
18200,,SUBMISSION,VOLCANIC_ROCK_VOUCHER_10000,SEASHELLS,162,12
18200,,SUBMISSION,VOLCANIC_ROCK_VOUCHER_10000,SEASHELLS,162,0
18300,SUBMISSION,,VOLCANIC_ROCK_VOUCHER_9500,SEASHELLS,636,1
18300,SUBMISSION,,VOLCANIC_ROCK_VOUCHER_9500,SEASHELLS,636,14
18300,,,JAMS,SEASHELLS,6512,8
18300,,,SQUID_INK,SEASHELLS,1847,1
18300,,,KELP,SEASHELLS,2040,1
18300,SUBMISSION,,VOLCANIC_ROCK_VOUCHER_9500,SEASHELLS,636,0
18400,SUBMISSION,,VOLCANIC_ROCK_VOUCHER_9500,SEASHELLS,634,0
18400,,,DJEMBES,SEASHELLS,13303,7
18400,SUBMISSION,,VOLCANIC_ROCK_VOUCHER_9500,SEASHELLS,634,1
18400,SUBMISSION,,VOLCANIC_ROCK_VOUCHER_9500,SEASHELLS,634,11
18500,SUBMISSION,,VOLCANIC_ROCK_VOUCHER_10000,SEASHELLS,156,16
18500,SUBMISSION,,VOLCANIC_ROCK_VOUCHER_10000,SEASHELLS,156,1
18500,SUBMISSION,,RAINFOREST_RESIN,SEASHELLS,9993,4
18500,SUBMISSION,,VOLCANIC_ROCK_VOUCHER_10000,SEASHELLS,156,0
18600,,SUBMISSION,VOLCANIC_ROCK,SEASHELLS,10132,3
18600,,SUBMISSION,VOLCANIC_ROCK_VOUCHER_10000,SEASHELLS,156,10
18700,,SUBMISSION,RAINFOREST_RESIN,SEASHELLS,10001,1
18800,SUBMISSION,,VOLCANIC_ROCK_VOUCHER_9500,SEASHELLS,634,2
18800,SUBMISSION,,VOLCANIC_ROCK_VOUCHER_9500,SEASHELLS,634,0
18800,SUBMISSION,,VOLCANIC_ROCK_VOUCHER_9500,SEASHELLS,634,15
18900,,SUBMISSION,VOLCANIC_ROCK,SEASHELLS,10134,34
19000,SUBMISSION,,VOLCANIC_ROCK_VOUCHER_9500,SEASHELLS,636,1
19000,SUBMISSION,,VOLCANIC_ROCK_VOUCHER_9500,SEASHELLS,636,0
19000,,SUBMISSION,VOLCANIC_ROCK_VOUCHER_9750,SEASHELLS,388,11
19000,,SUBMISSION,VOLCANIC_ROCK_VOUCHER_9750,SEASHELLS,388,1
19000,SUBMISSION,,VOLCANIC_ROCK_VOUCHER_9500,SEASHELLS,636,11
19000,,SUBMISSION,VOLCANIC_ROCK_VOUCHER_9750,SEASHELLS,388,0
19100,,,JAMS,SEASHELLS,6515,5
19100,,,CROISSANTS,SEASHELLS,4235,5
19200,,,JAMS,SEASHELLS,6514,3
19400,,SUBMISSION,VOLCANIC_ROCK_VOUCHER_9750,SEASHELLS,388,12
19400,,SUBMISSION,VOLCANIC_ROCK_VOUCHER_9750,SEASHELLS,388,2
19400,SUBMISSION,,VOLCANIC_ROCK_VOUCHER_10000,SEASHELLS,158,0
19400,SUBMISSION,,VOLCANIC_ROCK_VOUCHER_10000,SEASHELLS,158,12
19400,SUBMISSION,,VOLCANIC_ROCK_VOUCHER_10000,SEASHELLS,158,2
19400,,SUBMISSION,VOLCANIC_ROCK_VOUCHER_9750,SEASHELLS,388,6
19500,,,SQUID_INK,SEASHELLS,1837,1
19600,SUBMISSION,,VOLCANIC_ROCK_VOUCHER_9750,SEASHELLS,386,12
19700,SUBMISSION,,VOLCANIC_ROCK_VOUCHER_10500,SEASHELLS,2,1
19700,SUBMISSION,,VOLCANIC_ROCK_VOUCHER_9750,SEASHELLS,388,1
19700,,SUBMISSION,RAINFOREST_RESIN,SEASHELLS,10001,1
19700,,,VOLCANIC_ROCK_VOUCHER_9500,SEASHELLS,636,11
19700,,SUBMISSION,RAINFOREST_RESIN,SEASHELLS,10007,5
19700,,,VOLCANIC_ROCK_VOUCHER_10000,SEASHELLS,159,11
19700,SUBMISSION,,VOLCANIC_ROCK_VOUCHER_9500,SEASHELLS,636,1
19700,,,VOLCANIC_ROCK_VOUCHER_10250,SEASHELLS,27,11
19700,,,VOLCANIC_ROCK_VOUCHER_10500,SEASHELLS,2,11
19700,SUBMISSION,,VOLCANIC_ROCK_VOUCHER_10250,SEASHELLS,27,1
19700,,,VOLCANIC_ROCK_VOUCHER_9750,SEASHELLS,388,11
19800,SUBMISSION,,VOLCANIC_ROCK_VOUCHER_9750,SEASHELLS,390,0
19800,SUBMISSION,,VOLCANIC_ROCK_VOUCHER_9750,SEASHELLS,390,13
19800,SUBMISSION,,VOLCANIC_ROCK_VOUCHER_9750,SEASHELLS,390,1
20200,,SUBMISSION,RAINFOREST_RESIN,SEASHELLS,10001,1
20200,SUBMISSION,,VOLCANIC_ROCK_VOUCHER_9500,SEASHELLS,644,12
20300,SUBMISSION,,VOLCANIC_ROCK_VOUCHER_9500,SEASHELLS,646,12
20400,,SUBMISSION,VOLCANIC_ROCK_VOUCHER_9750,SEASHELLS,397,0
20400,SUBMISSION,,VOLCANIC_ROCK_VOUCHER_9500,SEASHELLS,646,11
20400,SUBMISSION,,VOLCANIC_ROCK_VOUCHER_9500,SEASHELLS,646,0
20400,SUBMISSION,,VOLCANIC_ROCK_VOUCHER_10000,SEASHELLS,164,0
20400,,SUBMISSION,VOLCANIC_ROCK_VOUCHER_9750,SEASHELLS,397,11
20400,SUBMISSION,,VOLCANIC_ROCK_VOUCHER_10000,SEASHELLS,164,2
20400,SUBMISSION,,VOLCANIC_ROCK_VOUCHER_9500,SEASHELLS,646,2
20400,SUBMISSION,,VOLCANIC_ROCK_VOUCHER_10000,SEASHELLS,164,11
20400,,SUBMISSION,VOLCANIC_ROCK_VOUCHER_9750,SEASHELLS,397,2
20500,SUBMISSION,,VOLCANIC_ROCK_VOUCHER_9500,SEASHELLS,646,1
20500,,SUBMISSION,VOLCANIC_ROCK_VOUCHER_10000,SEASHELLS,166,1
20500,,SUBMISSION,VOLCANIC_ROCK_VOUCHER_10000,SEASHELLS,166,0
20500,SUBMISSION,,VOLCANIC_ROCK_VOUCHER_9500,SEASHELLS,646,0
20500,,,JAMS,SEASHELLS,6514,10
20500,SUBMISSION,,VOLCANIC_ROCK_VOUCHER_9500,SEASHELLS,646,16
20500,,SUBMISSION,VOLCANIC_ROCK_VOUCHER_10000,SEASHELLS,166,16
20600,,,KELP,SEASHELLS,2036,1
20600,,,SQUID_INK,SEASHELLS,1835,1
20700,SUBMISSION,,VOLCANIC_ROCK_VOUCHER_9750,SEASHELLS,394,12
20700,,SUBMISSION,VOLCANIC_ROCK,SEASHELLS,10142,34
20700,SUBMISSION,,RAINFOREST_RESIN,SEASHELLS,9993,2
20700,,SUBMISSION,VOLCANIC_ROCK,SEASHELLS,10142,6
20700,,,JAMS,SEASHELLS,6515,6
20800,,SUBMISSION,VOLCANIC_ROCK_VOUCHER_10000,SEASHELLS,164,19
20800,,,CROISSANTS,SEASHELLS,4236,5
20800,,SUBMISSION,VOLCANIC_ROCK_VOUCHER_10000,SEASHELLS,164,1
20900,SUBMISSION,,VOLCANIC_ROCK_VOUCHER_10000,SEASHELLS,160,14
20900,,,SQUID_INK,SEASHELLS,1839,11
20900,,,CROISSANTS,SEASHELLS,4236,6
20900,SUBMISSION,,VOLCANIC_ROCK_VOUCHER_10000,SEASHELLS,160,1
20900,,,KELP,SEASHELLS,2037,1
20900,SUBMISSION,,VOLCANIC_ROCK_VOUCHER_10000,SEASHELLS,160,0
21000,SUBMISSION,,VOLCANIC_ROCK_VOUCHER_10000,SEASHELLS,164,2
21000,SUBMISSION,,VOLCANIC_ROCK_VOUCHER_10000,SEASHELLS,164,0
21000,SUBMISSION,,VOLCANIC_ROCK_VOUCHER_10000,SEASHELLS,164,11
21000,SUBMISSION,,RAINFOREST_RESIN,SEASHELLS,9993,2
21100,,,SQUID_INK,SEASHELLS,1840,5
21100,SUBMISSION,,KELP,SEASHELLS,2037,5
21100,SUBMISSION,,VOLCANIC_ROCK_VOUCHER_10000,SEASHELLS,164,20
21200,,SUBMISSION,VOLCANIC_ROCK_VOUCHER_10000,SEASHELLS,167,1
21200,,SUBMISSION,VOLCANIC_ROCK_VOUCHER_10000,SEASHELLS,167,0
21200,,SUBMISSION,VOLCANIC_ROCK_VOUCHER_10000,SEASHELLS,167,13
21300,,,JAMS,SEASHELLS,6513,5
21400,,SUBMISSION,VOLCANIC_ROCK_VOUCHER_9500,SEASHELLS,647,17
21500,,,KELP,SEASHELLS,2037,1
21500,,,SQUID_INK,SEASHELLS,1842,1
21500,,SUBMISSION,PICNIC_BASKET2,SEASHELLS,30058,6
21500,,SUBMISSION,RAINFOREST_RESIN,SEASHELLS,10007,2
21600,SUBMISSION,,VOLCANIC_ROCK,SEASHELLS,10150,40
21700,,SUBMISSION,VOLCANIC_ROCK_VOUCHER_10000,SEASHELLS,172,0
21700,,SUBMISSION,VOLCANIC_ROCK_VOUCHER_10000,SEASHELLS,172,2
21700,,SUBMISSION,VOLCANIC_ROCK_VOUCHER_9500,SEASHELLS,648,5
21700,,SUBMISSION,VOLCANIC_ROCK_VOUCHER_10000,SEASHELLS,172,13
21800,SUBMISSION,,VOLCANIC_ROCK_VOUCHER_9500,SEASHELLS,642,13
21800,,SUBMISSION,VOLCANIC_ROCK_VOUCHER_9750,SEASHELLS,393,2
21800,,SUBMISSION,VOLCANIC_ROCK_VOUCHER_9750,SEASHELLS,393,0
21800,SUBMISSION,,VOLCANIC_ROCK_VOUCHER_9500,SEASHELLS,642,0
21800,,SUBMISSION,VOLCANIC_ROCK_VOUCHER_9750,SEASHELLS,393,13
21800,SUBMISSION,,VOLCANIC_ROCK_VOUCHER_9500,SEASHELLS,642,2
21800,,,DJEMBES,SEASHELLS,13305,5
21900,SUBMISSION,,VOLCANIC_ROCK_VOUCHER_10000,SEASHELLS,164,17
21900,SUBMISSION,,VOLCANIC_ROCK_VOUCHER_10000,SEASHELLS,164,0
21900,,SUBMISSION,VOLCANIC_ROCK,SEASHELLS,10144,19
21900,,SUBMISSION,VOLCANIC_ROCK_VOUCHER_10250,SEASHELLS,30,4
21900,SUBMISSION,,VOLCANIC_ROCK_VOUCHER_10000,SEASHELLS,164,2
22000,SUBMISSION,,VOLCANIC_ROCK_VOUCHER_10000,SEASHELLS,164,10
22000,,SUBMISSION,RAINFOREST_RESIN,SEASHELLS,10001,1
22000,,,SQUID_INK,SEASHELLS,1845,15
22000,,SUBMISSION,VOLCANIC_ROCK_VOUCHER_9750,SEASHELLS,394,0
22000,,SUBMISSION,VOLCANIC_ROCK_VOUCHER_9750,SEASHELLS,394,10
22000,SUBMISSION,,VOLCANIC_ROCK_VOUCHER_10000,SEASHELLS,164,0
22000,SUBMISSION,,VOLCANIC_ROCK_VOUCHER_10000,SEASHELLS,164,1
22000,,SUBMISSION,VOLCANIC_ROCK_VOUCHER_9750,SEASHELLS,394,1
22000,,,KELP,SEASHELLS,2041,15
22100,,SUBMISSION,VOLCANIC_ROCK_VOUCHER_10000,SEASHELLS,164,0
22100,,SUBMISSION,VOLCANIC_ROCK_VOUCHER_10000,SEASHELLS,164,1
22100,SUBMISSION,,RAINFOREST_RESIN,SEASHELLS,9997,7
22100,,SUBMISSION,VOLCANIC_ROCK_VOUCHER_10000,SEASHELLS,164,11
22200,,,VOLCANIC_ROCK,SEASHELLS,10140,6
22200,,,KELP,SEASHELLS,2041,8
22200,,,SQUID_INK,SEASHELLS,1846,8
22300,,SUBMISSION,VOLCANIC_ROCK_VOUCHER_10000,SEASHELLS,162,10
22300,,SUBMISSION,VOLCANIC_ROCK_VOUCHER_10000,SEASHELLS,162,0
22300,,SUBMISSION,VOLCANIC_ROCK_VOUCHER_10000,SEASHELLS,162,1
22300,,,CROISSANTS,SEASHELLS,4236,10
22400,SUBMISSION,,VOLCANIC_ROCK_VOUCHER_9750,SEASHELLS,390,0
22400,SUBMISSION,,VOLCANIC_ROCK_VOUCHER_10000,SEASHELLS,158,12
22400,SUBMISSION,,VOLCANIC_ROCK_VOUCHER_9750,SEASHELLS,390,1
22400,,,SQUID_INK,SEASHELLS,1845,6
22400,SUBMISSION,,VOLCANIC_ROCK_VOUCHER_9750,SEASHELLS,390,12
22400,SUBMISSION,,VOLCANIC_ROCK_VOUCHER_10000,SEASHELLS,158,0
22400,,,KELP,SEASHELLS,2040,6
22400,SUBMISSION,,VOLCANIC_ROCK_VOUCHER_10000,SEASHELLS,158,1
22500,,SUBMISSION,VOLCANIC_ROCK,SEASHELLS,10138,40
22500,SUBMISSION,,VOLCANIC_ROCK_VOUCHER_10000,SEASHELLS,158,12
22500,,SUBMISSION,PICNIC_BASKET2,SEASHELLS,30054,6
22500,,,PICNIC_BASKET1,SEASHELLS,58296,6
22600,,SUBMISSION,PICNIC_BASKET2,SEASHELLS,30058,8
22600,,,SQUID_INK,SEASHELLS,1846,10
22600,,,KELP,SEASHELLS,2041,10
22700,,,VOLCANIC_ROCK_VOUCHER_9500,SEASHELLS,642,12
22700,SUBMISSION,,VOLCANIC_ROCK_VOUCHER_9750,SEASHELLS,394,2
22700,,,VOLCANIC_ROCK_VOUCHER_9750,SEASHELLS,393,12
22700,,,VOLCANIC_ROCK_VOUCHER_10500,SEASHELLS,2,12
22700,,,KELP,SEASHELLS,2040,1
22700,,,SQUID_INK,SEASHELLS,1847,1
22700,,,VOLCANIC_ROCK_VOUCHER_10250,SEASHELLS,29,12
22700,SUBMISSION,,VOLCANIC_ROCK_VOUCHER_9750,SEASHELLS,394,13
22700,SUBMISSION,,VOLCANIC_ROCK_VOUCHER_9750,SEASHELLS,394,0
22700,,,VOLCANIC_ROCK_VOUCHER_10000,SEASHELLS,163,12
22800,,,VOLCANIC_ROCK,SEASHELLS,10141,3
22800,,SUBMISSION,VOLCANIC_ROCK_VOUCHER_10000,SEASHELLS,163,13
22900,,,VOLCANIC_ROCK_VOUCHER_10000,SEASHELLS,162,7
22900,,,JAMS,SEASHELLS,6512,9
22900,,SUBMISSION,RAINFOREST_RESIN,SEASHELLS,10001,1
22900,,,VOLCANIC_ROCK_VOUCHER_10250,SEASHELLS,29,7
22900,,,VOLCANIC_ROCK_VOUCHER_9500,SEASHELLS,641,7
22900,,,VOLCANIC_ROCK_VOUCHER_10500,SEASHELLS,2,7
22900,,,VOLCANIC_ROCK_VOUCHER_9750,SEASHELLS,392,7
23000,,,VOLCANIC_ROCK_VOUCHER_9750,SEASHELLS,393,13
23000,,,VOLCANIC_ROCK_VOUCHER_10000,SEASHELLS,161,1
23000,,,VOLCANIC_ROCK_VOUCHER_10500,SEASHELLS,2,13
23000,SUBMISSION,,VOLCANIC_ROCK_VOUCHER_10250,SEASHELLS,29,2
23000,SUBMISSION,,VOLCANIC_ROCK_VOUCHER_9750,SEASHELLS,393,2
23000,,SUBMISSION,RAINFOREST_RESIN,SEASHELLS,10002,3
23000,,,VOLCANIC_ROCK_VOUCHER_10250,SEASHELLS,29,1
23000,SUBMISSION,,VOLCANIC_ROCK_VOUCHER_10500,SEASHELLS,2,2
23000,,,VOLCANIC_ROCK_VOUCHER_9500,SEASHELLS,641,13
23000,,,VOLCANIC_ROCK_VOUCHER_10000,SEASHELLS,161,13
23000,,,VOLCANIC_ROCK_VOUCHER_10500,SEASHELLS,2,1
23000,SUBMISSION,,VOLCANIC_ROCK_VOUCHER_9500,SEASHELLS,641,2
23000,,,VOLCANIC_ROCK_VOUCHER_9750,SEASHELLS,393,1
23000,,,PICNIC_BASKET1,SEASHELLS,58295,1
23000,,,VOLCANIC_ROCK_VOUCHER_9500,SEASHELLS,641,1
23000,,,PICNIC_BASKET2,SEASHELLS,30059,6
23000,SUBMISSION,,VOLCANIC_ROCK_VOUCHER_10000,SEASHELLS,161,2
23000,,,VOLCANIC_ROCK_VOUCHER_10250,SEASHELLS,29,13
23100,,SUBMISSION,VOLCANIC_ROCK_VOUCHER_9750,SEASHELLS,393,0
23100,,SUBMISSION,VOLCANIC_ROCK_VOUCHER_9750,SEASHELLS,393,10
23100,SUBMISSION,,VOLCANIC_ROCK_VOUCHER_10000,SEASHELLS,162,2
23100,SUBMISSION,,VOLCANIC_ROCK_VOUCHER_10000,SEASHELLS,162,0
23100,,SUBMISSION,VOLCANIC_ROCK_VOUCHER_9750,SEASHELLS,393,2
23100,SUBMISSION,,VOLCANIC_ROCK_VOUCHER_10000,SEASHELLS,162,10
23200,,,CROISSANTS,SEASHELLS,4236,7
23200,,SUBMISSION,VOLCANIC_ROCK_VOUCHER_10000,SEASHELLS,168,20
23400,,,CROISSANTS,SEASHELLS,4235,8
23500,,,DJEMBES,SEASHELLS,13301,4
23500,,,CROISSANTS,SEASHELLS,4235,8
23600,SUBMISSION,,VOLCANIC_ROCK_VOUCHER_10000,SEASHELLS,164,12
23600,,SUBMISSION,RAINFOREST_RESIN,SEASHELLS,10007,1
23600,,,KELP,SEASHELLS,2038,1
23700,,,DJEMBES,SEASHELLS,13303,3
23700,,,CROISSANTS,SEASHELLS,4235,8
23800,,,SQUID_INK,SEASHELLS,1849,14
23800,,,KELP,SEASHELLS,2041,14
23900,,,JAMS,SEASHELLS,6510,6
24000,,SUBMISSION,RAINFOREST_RESIN,SEASHELLS,10002,5
24100,,SUBMISSION,VOLCANIC_ROCK_VOUCHER_9500,SEASHELLS,644,2
24100,,SUBMISSION,VOLCANIC_ROCK_VOUCHER_9500,SEASHELLS,644,5
24100,SUBMISSION,,VOLCANIC_ROCK,SEASHELLS,10144,40
24100,,SUBMISSION,VOLCANIC_ROCK_VOUCHER_9500,SEASHELLS,644,13
24200,,,JAMS,SEASHELLS,6512,5
24200,,SUBMISSION,VOLCANIC_ROCK_VOUCHER_10000,SEASHELLS,166,12
24200,,SUBMISSION,VOLCANIC_ROCK_VOUCHER_10000,SEASHELLS,166,1
24200,,SUBMISSION,VOLCANIC_ROCK_VOUCHER_10000,SEASHELLS,166,7
24300,SUBMISSION,,RAINFOREST_RESIN,SEASHELLS,9997,7
24400,,,VOLCANIC_ROCK_VOUCHER_10250,SEASHELLS,29,16
24400,,,VOLCANIC_ROCK_VOUCHER_10500,SEASHELLS,2,16
24400,,,VOLCANIC_ROCK_VOUCHER_9750,SEASHELLS,394,16
24400,,,KELP,SEASHELLS,2040,1
24400,,,VOLCANIC_ROCK_VOUCHER_9500,SEASHELLS,642,16
24400,,,VOLCANIC_ROCK_VOUCHER_10000,SEASHELLS,164,16
24400,,,SQUID_INK,SEASHELLS,1851,1
24500,,,KELP,SEASHELLS,2037,1
24500,,,SQUID_INK,SEASHELLS,1848,1
24500,,SUBMISSION,RAINFOREST_RESIN,SEASHELLS,10007,2
24600,,SUBMISSION,RAINFOREST_RESIN,SEASHELLS,10002,4
24600,SUBMISSION,,VOLCANIC_ROCK_VOUCHER_10000,SEASHELLS,168,12
24600,,,KELP,SEASHELLS,2040,1
24600,SUBMISSION,,VOLCANIC_ROCK_VOUCHER_9500,SEASHELLS,648,12
24600,,,SQUID_INK,SEASHELLS,1849,1
24700,,SUBMISSION,RAINFOREST_RESIN,SEASHELLS,10002,4
24700,,,CROISSANTS,SEASHELLS,4236,6
24800,SUBMISSION,,VOLCANIC_ROCK_VOUCHER_10000,SEASHELLS,164,2
24800,SUBMISSION,,VOLCANIC_ROCK_VOUCHER_10000,SEASHELLS,164,18
24900,,SUBMISSION,RAINFOREST_RESIN,SEASHELLS,10001,1
25000,,SUBMISSION,VOLCANIC_ROCK_VOUCHER_9750,SEASHELLS,394,15
25000,,SUBMISSION,RAINFOREST_RESIN,SEASHELLS,10007,5
25100,,SUBMISSION,VOLCANIC_ROCK_VOUCHER_9750,SEASHELLS,394,11
25100,,SUBMISSION,VOLCANIC_ROCK_VOUCHER_9750,SEASHELLS,394,0
25100,,SUBMISSION,VOLCANIC_ROCK_VOUCHER_9750,SEASHELLS,394,2
25200,,,KELP,SEASHELLS,2038,5
25200,SUBMISSION,,RAINFOREST_RESIN,SEASHELLS,9998,5
25200,,,SQUID_INK,SEASHELLS,1850,5
25300,,,CROISSANTS,SEASHELLS,4237,5
25300,SUBMISSION,,VOLCANIC_ROCK_VOUCHER_9750,SEASHELLS,400,15
25300,,,JAMS,SEASHELLS,6511,8
25500,,SUBMISSION,VOLCANIC_ROCK_VOUCHER_10000,SEASHELLS,169,0
25500,,,JAMS,SEASHELLS,6513,4
25500,,SUBMISSION,VOLCANIC_ROCK_VOUCHER_10000,SEASHELLS,169,2
25500,,SUBMISSION,VOLCANIC_ROCK_VOUCHER_10000,SEASHELLS,169,18
25500,,,VOLCANIC_ROCK,SEASHELLS,10147,10
25500,,,KELP,SEASHELLS,2038,1
25500,,,SQUID_INK,SEASHELLS,1849,1
25600,,,CROISSANTS,SEASHELLS,4237,8
25700,SUBMISSION,,VOLCANIC_ROCK_VOUCHER_9750,SEASHELLS,400,19
25800,SUBMISSION,,VOLCANIC_ROCK_VOUCHER_10000,SEASHELLS,168,10
25800,,,SQUID_INK,SEASHELLS,1853,1
25800,,SUBMISSION,VOLCANIC_ROCK_VOUCHER_9750,SEASHELLS,400,0
25800,,,KELP,SEASHELLS,2041,1
25800,,SUBMISSION,VOLCANIC_ROCK_VOUCHER_9750,SEASHELLS,400,10
25800,SUBMISSION,,VOLCANIC_ROCK_VOUCHER_10000,SEASHELLS,168,0
25800,SUBMISSION,,VOLCANIC_ROCK_VOUCHER_10000,SEASHELLS,168,2
25800,,SUBMISSION,VOLCANIC_ROCK_VOUCHER_9750,SEASHELLS,400,2
25900,,SUBMISSION,VOLCANIC_ROCK_VOUCHER_9750,SEASHELLS,398,2
25900,,,SQUID_INK,SEASHELLS,1852,2
25900,,SUBMISSION,VOLCANIC_ROCK_VOUCHER_9750,SEASHELLS,398,0
25900,,,KELP,SEASHELLS,2041,2
25900,,,SQUID_INK,SEASHELLS,1851,1
25900,,,KELP,SEASHELLS,2040,1
25900,,SUBMISSION,VOLCANIC_ROCK_VOUCHER_9750,SEASHELLS,398,13
26000,,,KELP,SEASHELLS,2038,1
26000,SUBMISSION,,VOLCANIC_ROCK_VOUCHER_9750,SEASHELLS,398,1
26000,,,KELP,SEASHELLS,2041,1
26000,SUBMISSION,,VOLCANIC_ROCK_VOUCHER_9750,SEASHELLS,398,19
26000,,,SQUID_INK,SEASHELLS,1848,1
26000,,,SQUID_INK,SEASHELLS,1851,1
26100,,SUBMISSION,VOLCANIC_ROCK_VOUCHER_10000,SEASHELLS,164,17
26100,,SUBMISSION,VOLCANIC_ROCK_VOUCHER_10000,SEASHELLS,164,1
26200,,,JAMS,SEASHELLS,6512,12
26200,SUBMISSION,,VOLCANIC_ROCK_VOUCHER_10000,SEASHELLS,160,18
26300,,SUBMISSION,VOLCANIC_ROCK_VOUCHER_10000,SEASHELLS,166,2
26300,,SUBMISSION,VOLCANIC_ROCK_VOUCHER_10000,SEASHELLS,166,0
26300,,SUBMISSION,VOLCANIC_ROCK,SEASHELLS,10142,3
26300,SUBMISSION,,VOLCANIC_ROCK_VOUCHER_9750,SEASHELLS,394,0
26300,,SUBMISSION,VOLCANIC_ROCK_VOUCHER_10000,SEASHELLS,166,11
26300,SUBMISSION,,VOLCANIC_ROCK_VOUCHER_9750,SEASHELLS,394,2
26300,SUBMISSION,,VOLCANIC_ROCK_VOUCHER_9750,SEASHELLS,394,11
26400,,SUBMISSION,VOLCANIC_ROCK_VOUCHER_10250,SEASHELLS,29,0
26400,,SUBMISSION,VOLCANIC_ROCK_VOUCHER_10250,SEASHELLS,29,1
26400,,SUBMISSION,VOLCANIC_ROCK_VOUCHER_10250,SEASHELLS,29,14
26500,,SUBMISSION,VOLCANIC_ROCK_VOUCHER_9750,SEASHELLS,391,0
26500,,SUBMISSION,VOLCANIC_ROCK_VOUCHER_9750,SEASHELLS,391,2
26500,,SUBMISSION,VOLCANIC_ROCK_VOUCHER_9750,SEASHELLS,391,18
26500,,,JAMS,SEASHELLS,6512,6
26500,,SUBMISSION,RAINFOREST_RESIN,SEASHELLS,10007,6
26600,SUBMISSION,,VOLCANIC_ROCK_VOUCHER_9500,SEASHELLS,637,4
26600,,,VOLCANIC_ROCK_VOUCHER_9750,SEASHELLS,389,1
26600,,,VOLCANIC_ROCK_VOUCHER_10500,SEASHELLS,2,1
26600,,,VOLCANIC_ROCK_VOUCHER_9500,SEASHELLS,637,12
26600,SUBMISSION,,VOLCANIC_ROCK_VOUCHER_10000,SEASHELLS,158,4
26600,,,VOLCANIC_ROCK_VOUCHER_10000,SEASHELLS,158,12
26600,,,VOLCANIC_ROCK_VOUCHER_10250,SEASHELLS,28,1
26600,,,VOLCANIC_ROCK_VOUCHER_10250,SEASHELLS,28,12
26600,,,VOLCANIC_ROCK_VOUCHER_9750,SEASHELLS,389,12
26600,,,VOLCANIC_ROCK_VOUCHER_10000,SEASHELLS,158,1
26600,SUBMISSION,,VOLCANIC_ROCK_VOUCHER_9750,SEASHELLS,389,4
26600,SUBMISSION,,VOLCANIC_ROCK_VOUCHER_10500,SEASHELLS,2,4
26600,,,VOLCANIC_ROCK_VOUCHER_9500,SEASHELLS,637,1
26600,,,VOLCANIC_ROCK_VOUCHER_10500,SEASHELLS,2,12
26600,SUBMISSION,,VOLCANIC_ROCK_VOUCHER_10250,SEASHELLS,28,4
26700,,,PICNIC_BASKET1,SEASHELLS,58279,1
26700,,,KELP,SEASHELLS,2038,14
26700,,,KELP,SEASHELLS,2038,1
26700,SUBMISSION,,VOLCANIC_ROCK_VOUCHER_10250,SEASHELLS,28,14
26700,,,SQUID_INK,SEASHELLS,1848,14
26700,,SUBMISSION,PICNIC_BASKET2,SEASHELLS,30050,1
26700,,,SQUID_INK,SEASHELLS,1848,1
26700,,SUBMISSION,VOLCANIC_ROCK,SEASHELLS,10134,10
26800,,SUBMISSION,VOLCANIC_ROCK_VOUCHER_9750,SEASHELLS,388,1
26800,,,JAMS,SEASHELLS,6514,7
26800,,SUBMISSION,VOLCANIC_ROCK_VOUCHER_9750,SEASHELLS,388,15
26800,,SUBMISSION,VOLCANIC_ROCK_VOUCHER_9750,SEASHELLS,388,0
27000,SUBMISSION,,VOLCANIC_ROCK_VOUCHER_9750,SEASHELLS,390,19
27000,,,VOLCANIC_ROCK_VOUCHER_10500,SEASHELLS,2,7
27000,,,VOLCANIC_ROCK_VOUCHER_9750,SEASHELLS,389,7
27000,,,VOLCANIC_ROCK_VOUCHER_9500,SEASHELLS,637,7
27000,,,VOLCANIC_ROCK_VOUCHER_10250,SEASHELLS,28,7
27000,,,VOLCANIC_ROCK_VOUCHER_10000,SEASHELLS,158,7
27000,SUBMISSION,,VOLCANIC_ROCK_VOUCHER_9750,SEASHELLS,390,1
27100,,SUBMISSION,VOLCANIC_ROCK_VOUCHER_9750,SEASHELLS,393,16
27100,,SUBMISSION,VOLCANIC_ROCK_VOUCHER_9750,SEASHELLS,393,1
27100,,SUBMISSION,VOLCANIC_ROCK_VOUCHER_9750,SEASHELLS,393,0
27200,,,SQUID_INK,SEASHELLS,1842,6
27200,,,KELP,SEASHELLS,2038,6
27200,,,PICNIC_BASKET1,SEASHELLS,58299,2
27200,,SUBMISSION,RAINFOREST_RESIN,SEASHELLS,10007,2
27200,,SUBMISSION,PICNIC_BASKET2,SEASHELLS,30061,2
27300,,,JAMS,SEASHELLS,6516,8
27300,,,VOLCANIC_ROCK,SEASHELLS,10140,2
27500,SUBMISSION,,RAINFOREST_RESIN,SEASHELLS,9993,1
27500,,SUBMISSION,VOLCANIC_ROCK_VOUCHER_9750,SEASHELLS,394,15
27500,,,JAMS,SEASHELLS,6515,4
27600,SUBMISSION,,VOLCANIC_ROCK_VOUCHER_10000,SEASHELLS,160,2
27600,SUBMISSION,,VOLCANIC_ROCK_VOUCHER_9750,SEASHELLS,394,0
27600,SUBMISSION,,VOLCANIC_ROCK_VOUCHER_9750,SEASHELLS,394,10
27600,SUBMISSION,,VOLCANIC_ROCK_VOUCHER_9750,SEASHELLS,394,2
27600,SUBMISSION,,VOLCANIC_ROCK_VOUCHER_10000,SEASHELLS,160,0
27600,SUBMISSION,,VOLCANIC_ROCK_VOUCHER_10000,SEASHELLS,160,10
27700,,,VOLCANIC_ROCK_VOUCHER_10500,SEASHELLS,2,13
27700,,,VOLCANIC_ROCK_VOUCHER_9750,SEASHELLS,396,13
27700,,,VOLCANIC_ROCK_VOUCHER_9500,SEASHELLS,644,13
27700,,,VOLCANIC_ROCK_VOUCHER_10250,SEASHELLS,29,13
27700,,,VOLCANIC_ROCK_VOUCHER_10000,SEASHELLS,161,13
27700,,SUBMISSION,VOLCANIC_ROCK_VOUCHER_9750,SEASHELLS,396,3
28000,,,SQUID_INK,SEASHELLS,1840,1
28000,,,KELP,SEASHELLS,2038,1
28000,,,SQUID_INK,SEASHELLS,1840,8
28000,,,KELP,SEASHELLS,2039,8
28100,,,SQUID_INK,SEASHELLS,1844,1
28100,,,KELP,SEASHELLS,2041,1
28200,,SUBMISSION,VOLCANIC_ROCK_VOUCHER_10000,SEASHELLS,170,19
28200,,SUBMISSION,PICNIC_BASKET2,SEASHELLS,30055,5
28200,,SUBMISSION,VOLCANIC_ROCK_VOUCHER_10000,SEASHELLS,170,1
28300,SUBMISSION,,VOLCANIC_ROCK_VOUCHER_9750,SEASHELLS,402,11
28300,SUBMISSION,,VOLCANIC_ROCK_VOUCHER_10000,SEASHELLS,170,0
28300,SUBMISSION,,VOLCANIC_ROCK_VOUCHER_10000,SEASHELLS,170,2
28300,SUBMISSION,,VOLCANIC_ROCK_VOUCHER_9750,SEASHELLS,402,0
28300,SUBMISSION,,VOLCANIC_ROCK_VOUCHER_10000,SEASHELLS,170,11
28300,SUBMISSION,,VOLCANIC_ROCK_VOUCHER_9750,SEASHELLS,402,2
28400,,,VOLCANIC_ROCK_VOUCHER_10500,SEASHELLS,3,11
28400,,,VOLCANIC_ROCK_VOUCHER_9500,SEASHELLS,652,14
28400,,,VOLCANIC_ROCK_VOUCHER_10250,SEASHELLS,32,3
28400,,,VOLCANIC_ROCK_VOUCHER_10000,SEASHELLS,168,1
28400,,,VOLCANIC_ROCK_VOUCHER_9750,SEASHELLS,404,11
28400,,,VOLCANIC_ROCK_VOUCHER_10250,SEASHELLS,32,11
28400,,,VOLCANIC_ROCK_VOUCHER_9750,SEASHELLS,404,3
28400,SUBMISSION,,VOLCANIC_ROCK_VOUCHER_9500,SEASHELLS,652,1
28400,,,VOLCANIC_ROCK_VOUCHER_10250,SEASHELLS,32,1
28400,,,VOLCANIC_ROCK_VOUCHER_9500,SEASHELLS,652,1
28400,,,VOLCANIC_ROCK_VOUCHER_10000,SEASHELLS,168,11
28400,,,VOLCANIC_ROCK_VOUCHER_9750,SEASHELLS,404,1
28400,,,VOLCANIC_ROCK_VOUCHER_10000,SEASHELLS,168,3
28400,SUBMISSION,,VOLCANIC_ROCK_VOUCHER_10000,SEASHELLS,168,12
28500,SUBMISSION,,VOLCANIC_ROCK_VOUCHER_9750,SEASHELLS,408,10
28500,,SUBMISSION,VOLCANIC_ROCK_VOUCHER_9500,SEASHELLS,656,10
28600,,SUBMISSION,VOLCANIC_ROCK_VOUCHER_9500,SEASHELLS,656,10
28600,,,SQUID_INK,SEASHELLS,1841,1
28600,,,KELP,SEASHELLS,2038,1
28600,,,DJEMBES,SEASHELLS,13302,3
28700,,SUBMISSION,VOLCANIC_ROCK_VOUCHER_9500,SEASHELLS,654,0
28700,,SUBMISSION,VOLCANIC_ROCK_VOUCHER_9500,SEASHELLS,654,13
28700,,SUBMISSION,VOLCANIC_ROCK_VOUCHER_9500,SEASHELLS,654,1
29100,,,CROISSANTS,SEASHELLS,4236,8
29200,,SUBMISSION,VOLCANIC_ROCK_VOUCHER_9500,SEASHELLS,656,2
29200,,SUBMISSION,VOLCANIC_ROCK_VOUCHER_9500,SEASHELLS,656,18
29200,,,JAMS,SEASHELLS,6516,6
29300,,SUBMISSION,VOLCANIC_ROCK_VOUCHER_10000,SEASHELLS,176,1
29300,,SUBMISSION,VOLCANIC_ROCK_VOUCHER_10000,SEASHELLS,176,0
29300,,,PICNIC_BASKET2,SEASHELLS,30062,5
29300,,,PICNIC_BASKET1,SEASHELLS,58287,5
29300,,SUBMISSION,VOLCANIC_ROCK_VOUCHER_10000,SEASHELLS,176,11
29400,,SUBMISSION,VOLCANIC_ROCK_VOUCHER_9500,SEASHELLS,660,11
29400,,SUBMISSION,RAINFOREST_RESIN,SEASHELLS,10007,2
29400,,,PICNIC_BASKET1,SEASHELLS,58299,2
29400,,SUBMISSION,VOLCANIC_ROCK_VOUCHER_9500,SEASHELLS,660,0
29400,,SUBMISSION,VOLCANIC_ROCK_VOUCHER_9500,SEASHELLS,660,2
29400,,,VOLCANIC_ROCK,SEASHELLS,10159,7
29400,SUBMISSION,,VOLCANIC_ROCK,SEASHELLS,10160,40
29600,,SUBMISSION,VOLCANIC_ROCK_VOUCHER_10000,SEASHELLS,176,11
29600,SUBMISSION,,KELP,SEASHELLS,2038,3
29600,,,SQUID_INK,SEASHELLS,1842,3
29600,,SUBMISSION,VOLCANIC_ROCK_VOUCHER_10000,SEASHELLS,176,0
29600,,SUBMISSION,VOLCANIC_ROCK_VOUCHER_10000,SEASHELLS,176,1
29600,,,DJEMBES,SEASHELLS,13298,2
29700,,,VOLCANIC_ROCK_VOUCHER_10250,SEASHELLS,32,14
29700,,,VOLCANIC_ROCK_VOUCHER_9750,SEASHELLS,406,14
29700,,,SQUID_INK,SEASHELLS,1843,3
29700,,,VOLCANIC_ROCK_VOUCHER_9500,SEASHELLS,655,14
29700,,,VOLCANIC_ROCK_VOUCHER_10500,SEASHELLS,3,14
29700,,,KELP,SEASHELLS,2038,3
29700,,SUBMISSION,RAINFOREST_RESIN,SEASHELLS,10001,1
29700,,,VOLCANIC_ROCK_VOUCHER_10000,SEASHELLS,175,14
29800,SUBMISSION,,VOLCANIC_ROCK_VOUCHER_10000,SEASHELLS,174,0
29800,SUBMISSION,,VOLCANIC_ROCK_VOUCHER_10000,SEASHELLS,174,1
29800,SUBMISSION,,VOLCANIC_ROCK_VOUCHER_10000,SEASHELLS,174,18
29800,,SUBMISSION,VOLCANIC_ROCK_VOUCHER_9750,SEASHELLS,409,0
29800,,SUBMISSION,VOLCANIC_ROCK_VOUCHER_9750,SEASHELLS,409,1
29800,,SUBMISSION,VOLCANIC_ROCK_VOUCHER_9750,SEASHELLS,409,18
29900,,,VOLCANIC_ROCK_VOUCHER_10250,SEASHELLS,33,8
29900,,,VOLCANIC_ROCK_VOUCHER_9500,SEASHELLS,657,8
29900,,SUBMISSION,RAINFOREST_RESIN,SEASHELLS,10001,1
29900,,,VOLCANIC_ROCK_VOUCHER_10500,SEASHELLS,3,8
29900,,,VOLCANIC_ROCK_VOUCHER_9750,SEASHELLS,408,8
29900,,SUBMISSION,VOLCANIC_ROCK_VOUCHER_10000,SEASHELLS,178,2
29900,,SUBMISSION,VOLCANIC_ROCK_VOUCHER_10000,SEASHELLS,178,0
29900,,SUBMISSION,VOLCANIC_ROCK_VOUCHER_10000,SEASHELLS,178,3
29900,,,VOLCANIC_ROCK_VOUCHER_10000,SEASHELLS,178,8
30100,SUBMISSION,,VOLCANIC_ROCK_VOUCHER_9500,SEASHELLS,654,0
30100,SUBMISSION,,VOLCANIC_ROCK_VOUCHER_9500,SEASHELLS,654,12
30100,SUBMISSION,,VOLCANIC_ROCK_VOUCHER_9500,SEASHELLS,654,1
30200,SUBMISSION,,VOLCANIC_ROCK_VOUCHER_9750,SEASHELLS,404,10
30200,,SUBMISSION,VOLCANIC_ROCK_VOUCHER_10000,SEASHELLS,173,10
30200,,,SQUID_INK,SEASHELLS,1842,2
30200,,SUBMISSION,VOLCANIC_ROCK_VOUCHER_10000,SEASHELLS,173,0
30200,,SUBMISSION,VOLCANIC_ROCK_VOUCHER_9500,SEASHELLS,652,1
30200,,,KELP,SEASHELLS,2036,2
30200,,SUBMISSION,VOLCANIC_ROCK_VOUCHER_9500,SEASHELLS,652,10
30200,SUBMISSION,,VOLCANIC_ROCK_VOUCHER_9750,SEASHELLS,404,0
30200,,SUBMISSION,VOLCANIC_ROCK_VOUCHER_9500,SEASHELLS,652,0
30200,SUBMISSION,,VOLCANIC_ROCK_VOUCHER_9750,SEASHELLS,404,1
30200,,SUBMISSION,VOLCANIC_ROCK_VOUCHER_10000,SEASHELLS,173,1
30300,SUBMISSION,,VOLCANIC_ROCK_VOUCHER_10000,SEASHELLS,166,11
30300,SUBMISSION,,VOLCANIC_ROCK_VOUCHER_10000,SEASHELLS,166,2
30300,SUBMISSION,,VOLCANIC_ROCK_VOUCHER_10000,SEASHELLS,166,0
30400,,,KELP,SEASHELLS,2037,15
30400,SUBMISSION,,VOLCANIC_ROCK_VOUCHER_9500,SEASHELLS,644,1
30400,,,SQUID_INK,SEASHELLS,1841,15
30400,,,JAMS,SEASHELLS,6518,9
30400,,,CROISSANTS,SEASHELLS,4237,5
30400,SUBMISSION,,VOLCANIC_ROCK_VOUCHER_9500,SEASHELLS,644,11
30400,SUBMISSION,,VOLCANIC_ROCK_VOUCHER_9500,SEASHELLS,644,0
30500,SUBMISSION,,VOLCANIC_ROCK_VOUCHER_9750,SEASHELLS,396,0
30500,,,SQUID_INK,SEASHELLS,1841,1
30500,,,SQUID_INK,SEASHELLS,1844,2
30500,,,KELP,SEASHELLS,2037,1
30500,SUBMISSION,,VOLCANIC_ROCK_VOUCHER_9750,SEASHELLS,396,12
30500,SUBMISSION,,VOLCANIC_ROCK_VOUCHER_9750,SEASHELLS,396,2
30600,,,VOLCANIC_ROCK,SEASHELLS,10148,8
30600,,,DJEMBES,SEASHELLS,13293,2
30600,,SUBMISSION,VOLCANIC_ROCK,SEASHELLS,10148,38
30700,,SUBMISSION,RAINFOREST_RESIN,SEASHELLS,10002,2
30800,,,VOLCANIC_ROCK_VOUCHER_9500,SEASHELLS,650,1
30800,,,SQUID_INK,SEASHELLS,1845,1
30800,,,VOLCANIC_ROCK_VOUCHER_10000,SEASHELLS,169,16
30800,,,VOLCANIC_ROCK_VOUCHER_9750,SEASHELLS,401,1
30800,,,VOLCANIC_ROCK_VOUCHER_9750,SEASHELLS,401,16
30800,,,VOLCANIC_ROCK_VOUCHER_10000,SEASHELLS,169,1
30800,,,VOLCANIC_ROCK_VOUCHER_9500,SEASHELLS,650,16
30800,,,KELP,SEASHELLS,2038,1
30900,,SUBMISSION,VOLCANIC_ROCK_VOUCHER_9750,SEASHELLS,400,20
30900,,,JAMS,SEASHELLS,6515,10
30900,,,DJEMBES,SEASHELLS,13294,5
31000,SUBMISSION,,VOLCANIC_ROCK_VOUCHER_9500,SEASHELLS,644,16
31000,,,DJEMBES,SEASHELLS,13292,1
31000,SUBMISSION,,VOLCANIC_ROCK,SEASHELLS,10144,40
31100,,,KELP,SEASHELLS,2036,1
31100,,SUBMISSION,VOLCANIC_ROCK,SEASHELLS,10144,30
31100,SUBMISSION,,VOLCANIC_ROCK_VOUCHER_9750,SEASHELLS,396,20
31100,,SUBMISSION,VOLCANIC_ROCK,SEASHELLS,10144,6
31100,,,SQUID_INK,SEASHELLS,1842,1
31200,,,VOLCANIC_ROCK_VOUCHER_9750,SEASHELLS,395,2
31200,SUBMISSION,,VOLCANIC_ROCK_VOUCHER_9500,SEASHELLS,643,1
31200,SUBMISSION,,VOLCANIC_ROCK_VOUCHER_9750,SEASHELLS,395,1
31200,,,VOLCANIC_ROCK_VOUCHER_10000,SEASHELLS,164,17
31200,,,VOLCANIC_ROCK_VOUCHER_9500,SEASHELLS,643,2
31200,,,VOLCANIC_ROCK_VOUCHER_10250,SEASHELLS,29,2
31200,SUBMISSION,,VOLCANIC_ROCK_VOUCHER_10500,SEASHELLS,2,1
31200,SUBMISSION,,VOLCANIC_ROCK_VOUCHER_10250,SEASHELLS,29,1
31200,,,VOLCANIC_ROCK_VOUCHER_10500,SEASHELLS,2,2
31200,,,VOLCANIC_ROCK_VOUCHER_9500,SEASHELLS,643,17
31200,,,VOLCANIC_ROCK_VOUCHER_9750,SEASHELLS,395,17
31200,,,VOLCANIC_ROCK_VOUCHER_10500,SEASHELLS,2,17
31200,,,VOLCANIC_ROCK_VOUCHER_10250,SEASHELLS,29,17
31200,,,VOLCANIC_ROCK_VOUCHER_10000,SEASHELLS,164,2
31400,,,KELP,SEASHELLS,2036,1
31400,,,SQUID_INK,SEASHELLS,1845,1
31400,,SUBMISSION,RAINFOREST_RESIN,SEASHELLS,10001,1
31400,,,DJEMBES,SEASHELLS,13293,1
31400,SUBMISSION,,VOLCANIC_ROCK_VOUCHER_9500,SEASHELLS,640,20
31500,,SUBMISSION,VOLCANIC_ROCK_VOUCHER_9500,SEASHELLS,638,1
31500,,SUBMISSION,VOLCANIC_ROCK_VOUCHER_9500,SEASHELLS,638,0
31500,,,VOLCANIC_ROCK_VOUCHER_10500,SEASHELLS,2,6
31500,,,SQUID_INK,SEASHELLS,1847,1
31500,,,VOLCANIC_ROCK_VOUCHER_9750,SEASHELLS,389,6
31500,,SUBMISSION,VOLCANIC_ROCK_VOUCHER_9500,SEASHELLS,638,5
31500,,,VOLCANIC_ROCK_VOUCHER_9500,SEASHELLS,638,6
31500,,,VOLCANIC_ROCK_VOUCHER_10000,SEASHELLS,158,6
31500,,,KELP,SEASHELLS,2038,1
31500,,,VOLCANIC_ROCK_VOUCHER_10250,SEASHELLS,28,6
31600,,SUBMISSION,VOLCANIC_ROCK_VOUCHER_10000,SEASHELLS,164,1
31600,,SUBMISSION,VOLCANIC_ROCK_VOUCHER_10000,SEASHELLS,164,0
31600,,SUBMISSION,VOLCANIC_ROCK_VOUCHER_10000,SEASHELLS,164,15
31600,,,VOLCANIC_ROCK,SEASHELLS,10143,5
31700,SUBMISSION,,VOLCANIC_ROCK_VOUCHER_9500,SEASHELLS,644,17
31700,SUBMISSION,,VOLCANIC_ROCK_VOUCHER_9500,SEASHELLS,644,0
31700,SUBMISSION,,VOLCANIC_ROCK_VOUCHER_9500,SEASHELLS,644,1
31800,SUBMISSION,,RAINFOREST_RESIN,SEASHELLS,9998,4
31900,,SUBMISSION,VOLCANIC_ROCK_VOUCHER_9750,SEASHELLS,392,19
31900,,SUBMISSION,VOLCANIC_ROCK_VOUCHER_9750,SEASHELLS,392,2
31900,,,SQUID_INK,SEASHELLS,1850,1
31900,SUBMISSION,,VOLCANIC_ROCK_VOUCHER_10000,SEASHELLS,162,1
31900,,,KELP,SEASHELLS,2039,1
31900,SUBMISSION,,VOLCANIC_ROCK_VOUCHER_10000,SEASHELLS,162,19
32000,,SUBMISSION,VOLCANIC_ROCK,SEASHELLS,10138,33
32000,,,VOLCANIC_ROCK,SEASHELLS,10138,5
32100,SUBMISSION,,VOLCANIC_ROCK_VOUCHER_9750,SEASHELLS,390,0
32100,SUBMISSION,,VOLCANIC_ROCK_VOUCHER_9750,SEASHELLS,390,2
32100,SUBMISSION,,VOLCANIC_ROCK_VOUCHER_9750,SEASHELLS,390,20
32200,,,SQUID_INK,SEASHELLS,1849,1
32200,,SUBMISSION,RAINFOREST_RESIN,SEASHELLS,10002,4
32200,,,KELP,SEASHELLS,2039,1
32300,,,DJEMBES,SEASHELLS,13293,2
32300,,,KELP,SEASHELLS,2038,3
32300,,,SQUID_INK,SEASHELLS,1848,3
32400,,,SQUID_INK,SEASHELLS,1846,1
32400,,,KELP,SEASHELLS,2037,1
32500,,SUBMISSION,VOLCANIC_ROCK_VOUCHER_10000,SEASHELLS,160,1
32500,,SUBMISSION,VOLCANIC_ROCK_VOUCHER_10000,SEASHELLS,160,0
32500,,SUBMISSION,VOLCANIC_ROCK_VOUCHER_10000,SEASHELLS,160,13
32600,,,SQUID_INK,SEASHELLS,1846,1
32600,SUBMISSION,,RAINFOREST_RESIN,SEASHELLS,9998,3
32600,,SUBMISSION,VOLCANIC_ROCK_VOUCHER_9750,SEASHELLS,392,16
32600,,,RAINFOREST_RESIN,SEASHELLS,9998,1
32600,,,KELP,SEASHELLS,2037,1
32700,,,CROISSANTS,SEASHELLS,4236,10
32700,SUBMISSION,,RAINFOREST_RESIN,SEASHELLS,9993,4
32800,,,PICNIC_BASKET2,SEASHELLS,30071,4
32800,SUBMISSION,,VOLCANIC_ROCK_VOUCHER_9750,SEASHELLS,390,13
32800,,,PICNIC_BASKET1,SEASHELLS,58309,4
32900,,,KELP,SEASHELLS,2039,1
32900,,SUBMISSION,VOLCANIC_ROCK_VOUCHER_9750,SEASHELLS,391,0
32900,,SUBMISSION,VOLCANIC_ROCK_VOUCHER_9500,SEASHELLS,639,0
32900,,SUBMISSION,VOLCANIC_ROCK_VOUCHER_9500,SEASHELLS,639,2
32900,,,SQUID_INK,SEASHELLS,1846,1
32900,,SUBMISSION,VOLCANIC_ROCK_VOUCHER_9500,SEASHELLS,639,12
32900,,SUBMISSION,VOLCANIC_ROCK_VOUCHER_9750,SEASHELLS,391,2
32900,,SUBMISSION,VOLCANIC_ROCK_VOUCHER_9750,SEASHELLS,391,12
33000,,,SQUID_INK,SEASHELLS,1844,2
33000,,SUBMISSION,RAINFOREST_RESIN,SEASHELLS,10003,8
33000,,SUBMISSION,VOLCANIC_ROCK_VOUCHER_10000,SEASHELLS,160,13
33000,,SUBMISSION,VOLCANIC_ROCK_VOUCHER_10000,SEASHELLS,160,0
33000,,SUBMISSION,VOLCANIC_ROCK_VOUCHER_10000,SEASHELLS,160,2
33000,,,KELP,SEASHELLS,2038,2
33100,,SUBMISSION,VOLCANIC_ROCK_VOUCHER_10000,SEASHELLS,158,0
33100,,SUBMISSION,VOLCANIC_ROCK_VOUCHER_10000,SEASHELLS,158,15
33100,,SUBMISSION,VOLCANIC_ROCK_VOUCHER_10000,SEASHELLS,158,1
33200,SUBMISSION,,VOLCANIC_ROCK_VOUCHER_10000,SEASHELLS,154,1
33200,SUBMISSION,,VOLCANIC_ROCK_VOUCHER_9750,SEASHELLS,386,0
33200,SUBMISSION,,VOLCANIC_ROCK_VOUCHER_10000,SEASHELLS,154,11
33200,,,SQUID_INK,SEASHELLS,1845,1
33200,,,KELP,SEASHELLS,2039,1
33200,SUBMISSION,,VOLCANIC_ROCK_VOUCHER_9750,SEASHELLS,386,1
33200,SUBMISSION,,VOLCANIC_ROCK_VOUCHER_10000,SEASHELLS,154,0
33200,SUBMISSION,,VOLCANIC_ROCK_VOUCHER_9750,SEASHELLS,386,11
33300,SUBMISSION,,VOLCANIC_ROCK_VOUCHER_10000,SEASHELLS,156,20
33300,SUBMISSION,,RAINFOREST_RESIN,SEASHELLS,9993,5
33300,,,JAMS,SEASHELLS,6514,4
33300,,,VOLCANIC_ROCK,SEASHELLS,10134,1
33400,,,JAMS,SEASHELLS,6513,4
33600,SUBMISSION,,VOLCANIC_ROCK_VOUCHER_9500,SEASHELLS,634,17
33600,,,CROISSANTS,SEASHELLS,4236,7
33600,SUBMISSION,,VOLCANIC_ROCK_VOUCHER_9500,SEASHELLS,634,0
33600,,,DJEMBES,SEASHELLS,13293,1
33600,SUBMISSION,,VOLCANIC_ROCK_VOUCHER_9500,SEASHELLS,634,2
33700,,SUBMISSION,VOLCANIC_ROCK_VOUCHER_10000,SEASHELLS,158,20
33800,,,DJEMBES,SEASHELLS,13292,2
33900,,,CROISSANTS,SEASHELLS,4236,5
33900,SUBMISSION,,VOLCANIC_ROCK_VOUCHER_10000,SEASHELLS,156,11
34000,,SUBMISSION,VOLCANIC_ROCK_VOUCHER_10000,SEASHELLS,160,0
34000,,SUBMISSION,VOLCANIC_ROCK_VOUCHER_10000,SEASHELLS,160,12
34000,,SUBMISSION,RAINFOREST_RESIN,SEASHELLS,10002,1
34000,,SUBMISSION,RAINFOREST_RESIN,SEASHELLS,10001,1
34000,,SUBMISSION,VOLCANIC_ROCK_VOUCHER_10000,SEASHELLS,160,2
34100,SUBMISSION,,VOLCANIC_ROCK_VOUCHER_10000,SEASHELLS,156,1
34100,SUBMISSION,,VOLCANIC_ROCK_VOUCHER_10000,SEASHELLS,156,0
34100,SUBMISSION,,VOLCANIC_ROCK_VOUCHER_10000,SEASHELLS,156,13
34300,,,SQUID_INK,SEASHELLS,1840,5
34300,,,RAINFOREST_RESIN,SEASHELLS,10007,1
34300,,,SQUID_INK,SEASHELLS,1839,1
34300,,,KELP,SEASHELLS,2038,1
34300,,,KELP,SEASHELLS,2037,1
34300,,,VOLCANIC_ROCK_VOUCHER_9500,SEASHELLS,632,14
34300,,,VOLCANIC_ROCK,SEASHELLS,10133,3
34300,SUBMISSION,,VOLCANIC_ROCK_VOUCHER_10000,SEASHELLS,154,16
34300,,SUBMISSION,RAINFOREST_RESIN,SEASHELLS,10007,9
34300,,,VOLCANIC_ROCK_VOUCHER_9750,SEASHELLS,384,14
34300,SUBMISSION,,VOLCANIC_ROCK_VOUCHER_10000,SEASHELLS,154,4
34300,,,VOLCANIC_ROCK_VOUCHER_10250,SEASHELLS,27,14
34400,,,JAMS,SEASHELLS,6514,4
34400,,,JAMS,SEASHELLS,6514,5
34400,,,DJEMBES,SEASHELLS,13293,4
34500,,SUBMISSION,VOLCANIC_ROCK_VOUCHER_9750,SEASHELLS,385,1
34500,,SUBMISSION,VOLCANIC_ROCK_VOUCHER_9750,SEASHELLS,385,0
34500,,SUBMISSION,VOLCANIC_ROCK_VOUCHER_9750,SEASHELLS,385,15
34600,,,CROISSANTS,SEASHELLS,4236,5
34700,,SUBMISSION,VOLCANIC_ROCK_VOUCHER_10000,SEASHELLS,157,0
34700,,SUBMISSION,VOLCANIC_ROCK_VOUCHER_10000,SEASHELLS,157,2
34700,,SUBMISSION,VOLCANIC_ROCK_VOUCHER_10000,SEASHELLS,157,16
34800,,,JAMS,SEASHELLS,6514,11
34800,,,CROISSANTS,SEASHELLS,4236,8
34800,SUBMISSION,,VOLCANIC_ROCK_VOUCHER_9750,SEASHELLS,384,20
34900,,,KELP,SEASHELLS,2037,2
34900,SUBMISSION,,VOLCANIC_ROCK_VOUCHER_10000,SEASHELLS,150,16
34900,SUBMISSION,,VOLCANIC_ROCK_VOUCHER_10000,SEASHELLS,150,0
34900,,,SQUID_INK,SEASHELLS,1836,13
34900,SUBMISSION,,VOLCANIC_ROCK_VOUCHER_10000,SEASHELLS,150,2
35000,,SUBMISSION,VOLCANIC_ROCK_VOUCHER_10000,SEASHELLS,155,2
35000,,SUBMISSION,VOLCANIC_ROCK_VOUCHER_10000,SEASHELLS,155,18
35100,,,DJEMBES,SEASHELLS,13293,1
35100,,SUBMISSION,PICNIC_BASKET2,SEASHELLS,30063,6
35100,,,KELP,SEASHELLS,2037,2
35100,,,PICNIC_BASKET1,SEASHELLS,58296,6
35100,,,SQUID_INK,SEASHELLS,1835,2
35200,SUBMISSION,,VOLCANIC_ROCK_VOUCHER_10000,SEASHELLS,154,0
35200,SUBMISSION,,VOLCANIC_ROCK_VOUCHER_10000,SEASHELLS,154,2
35200,SUBMISSION,,VOLCANIC_ROCK_VOUCHER_10000,SEASHELLS,154,11
35400,,,VOLCANIC_ROCK_VOUCHER_10000,SEASHELLS,148,13
35400,,,SQUID_INK,SEASHELLS,1836,2
35400,,,VOLCANIC_ROCK_VOUCHER_10250,SEASHELLS,25,13
35400,,,KELP,SEASHELLS,2037,4
35400,,,KELP,SEASHELLS,2037,2
35400,,,VOLCANIC_ROCK_VOUCHER_9750,SEASHELLS,378,13
35400,,,SQUID_INK,SEASHELLS,1836,4
35400,,,VOLCANIC_ROCK_VOUCHER_10500,SEASHELLS,2,13
35400,,,VOLCANIC_ROCK_VOUCHER_9500,SEASHELLS,627,13
35700,,SUBMISSION,VOLCANIC_ROCK_VOUCHER_10000,SEASHELLS,155,20
35800,,,VOLCANIC_ROCK_VOUCHER_10000,SEASHELLS,160,14
35800,SUBMISSION,,VOLCANIC_ROCK_VOUCHER_9750,SEASHELLS,385,4
35800,,,VOLCANIC_ROCK_VOUCHER_10250,SEASHELLS,27,14
35800,SUBMISSION,,VOLCANIC_ROCK_VOUCHER_9500,SEASHELLS,634,4
35800,SUBMISSION,,VOLCANIC_ROCK_VOUCHER_10250,SEASHELLS,27,4
35800,,,VOLCANIC_ROCK_VOUCHER_9750,SEASHELLS,385,14
35800,,,KELP,SEASHELLS,2038,1
35800,,,VOLCANIC_ROCK_VOUCHER_10500,SEASHELLS,2,14
35800,SUBMISSION,,VOLCANIC_ROCK_VOUCHER_10500,SEASHELLS,2,4
35800,,,SQUID_INK,SEASHELLS,1839,1
35800,,,VOLCANIC_ROCK_VOUCHER_9500,SEASHELLS,634,14
35900,,SUBMISSION,VOLCANIC_ROCK_VOUCHER_9750,SEASHELLS,385,10
35900,SUBMISSION,,RAINFOREST_RESIN,SEASHELLS,9999,1
35900,SUBMISSION,,RAINFOREST_RESIN,SEASHELLS,9993,2
35900,,SUBMISSION,VOLCANIC_ROCK_VOUCHER_9750,SEASHELLS,385,0
35900,,SUBMISSION,VOLCANIC_ROCK_VOUCHER_9750,SEASHELLS,385,1
36000,,,SQUID_INK,SEASHELLS,1837,2
36000,,,KELP,SEASHELLS,2037,2
36200,,,VOLCANIC_ROCK_VOUCHER_9750,SEASHELLS,380,2
36200,SUBMISSION,,VOLCANIC_ROCK_VOUCHER_9500,SEASHELLS,629,2
36200,,,VOLCANIC_ROCK_VOUCHER_10250,SEASHELLS,26,2
36200,SUBMISSION,,VOLCANIC_ROCK_VOUCHER_9750,SEASHELLS,380,2
36200,,,VOLCANIC_ROCK_VOUCHER_9500,SEASHELLS,629,16
36200,SUBMISSION,,VOLCANIC_ROCK_VOUCHER_10000,SEASHELLS,151,20
36200,,,VOLCANIC_ROCK_VOUCHER_9750,SEASHELLS,380,16
36200,,,VOLCANIC_ROCK_VOUCHER_9500,SEASHELLS,629,2
36200,,,VOLCANIC_ROCK_VOUCHER_10250,SEASHELLS,26,16
36400,,SUBMISSION,VOLCANIC_ROCK_VOUCHER_10000,SEASHELLS,153,14
36400,,,VOLCANIC_ROCK,SEASHELLS,10126,1
36400,,SUBMISSION,VOLCANIC_ROCK_VOUCHER_10000,SEASHELLS,153,1
36400,,SUBMISSION,VOLCANIC_ROCK_VOUCHER_10000,SEASHELLS,153,5
36500,SUBMISSION,,VOLCANIC_ROCK_VOUCHER_10000,SEASHELLS,150,11
36500,SUBMISSION,,VOLCANIC_ROCK_VOUCHER_10000,SEASHELLS,150,2
36500,,SUBMISSION,VOLCANIC_ROCK_VOUCHER_9500,SEASHELLS,627,10
36500,SUBMISSION,,VOLCANIC_ROCK_VOUCHER_10000,SEASHELLS,150,0
36600,,,KELP,SEASHELLS,2037,3
36600,,,SQUID_INK,SEASHELLS,1837,3
36800,,SUBMISSION,RAINFOREST_RESIN,SEASHELLS,10007,3
36800,,,RAINFOREST_RESIN,SEASHELLS,10007,3
36800,,,JAMS,SEASHELLS,6513,4
36900,,,VOLCANIC_ROCK_VOUCHER_9750,SEASHELLS,383,6
36900,,SUBMISSION,VOLCANIC_ROCK_VOUCHER_10000,SEASHELLS,156,4
36900,SUBMISSION,,VOLCANIC_ROCK,SEASHELLS,10132,40
36900,,,VOLCANIC_ROCK_VOUCHER_10500,SEASHELLS,2,6
36900,SUBMISSION,,RAINFOREST_RESIN,SEASHELLS,9998,4
36900,,SUBMISSION,VOLCANIC_ROCK_VOUCHER_9500,SEASHELLS,632,4
36900,,,VOLCANIC_ROCK_VOUCHER_9500,SEASHELLS,632,6
36900,,,VOLCANIC_ROCK_VOUCHER_10000,SEASHELLS,156,6
36900,,,VOLCANIC_ROCK_VOUCHER_10250,SEASHELLS,26,6
37000,,,DJEMBES,SEASHELLS,13292,5
37100,SUBMISSION,,VOLCANIC_ROCK_VOUCHER_10000,SEASHELLS,154,0
37100,,,PICNIC_BASKET2,SEASHELLS,30061,8
37100,SUBMISSION,,VOLCANIC_ROCK_VOUCHER_10000,SEASHELLS,154,13
37100,,,PICNIC_BASKET1,SEASHELLS,58272,2
37100,,,SQUID_INK,SEASHELLS,1838,1
37100,SUBMISSION,,VOLCANIC_ROCK_VOUCHER_10000,SEASHELLS,154,2
37200,,SUBMISSION,VOLCANIC_ROCK_VOUCHER_9750,SEASHELLS,383,3
37200,,SUBMISSION,VOLCANIC_ROCK_VOUCHER_9750,SEASHELLS,383,17
37300,SUBMISSION,,VOLCANIC_ROCK_VOUCHER_9750,SEASHELLS,384,0
37300,SUBMISSION,,VOLCANIC_ROCK_VOUCHER_9750,SEASHELLS,384,1
37300,,SUBMISSION,VOLCANIC_ROCK_VOUCHER_10000,SEASHELLS,156,1
37300,,SUBMISSION,RAINFOREST_RESIN,SEASHELLS,10002,4
37300,,SUBMISSION,VOLCANIC_ROCK_VOUCHER_10000,SEASHELLS,156,0
37300,,SUBMISSION,VOLCANIC_ROCK_VOUCHER_10000,SEASHELLS,156,17
37300,SUBMISSION,,VOLCANIC_ROCK_VOUCHER_9750,SEASHELLS,384,17
37400,,,VOLCANIC_ROCK_VOUCHER_9500,SEASHELLS,628,6
37400,,,VOLCANIC_ROCK_VOUCHER_9750,SEASHELLS,380,6
37400,SUBMISSION,,VOLCANIC_ROCK_VOUCHER_10000,SEASHELLS,150,12
37400,,,VOLCANIC_ROCK_VOUCHER_10500,SEASHELLS,2,6
37400,,SUBMISSION,VOLCANIC_ROCK,SEASHELLS,10128,36
37400,,,VOLCANIC_ROCK_VOUCHER_10250,SEASHELLS,25,6
37400,,,JAMS,SEASHELLS,6515,4
37400,,,VOLCANIC_ROCK_VOUCHER_10000,SEASHELLS,149,6
37500,,,VOLCANIC_ROCK,SEASHELLS,10126,10
37500,,,RAINFOREST_RESIN,SEASHELLS,10008,5
37600,,,VOLCANIC_ROCK_VOUCHER_10250,SEASHELLS,26,4
37600,SUBMISSION,,VOLCANIC_ROCK_VOUCHER_9750,SEASHELLS,382,5
37600,SUBMISSION,,VOLCANIC_ROCK_VOUCHER_10500,SEASHELLS,2,5
37600,SUBMISSION,,VOLCANIC_ROCK_VOUCHER_9500,SEASHELLS,630,5
37600,,,VOLCANIC_ROCK_VOUCHER_10500,SEASHELLS,2,4
37600,,,VOLCANIC_ROCK_VOUCHER_10000,SEASHELLS,156,15
37600,SUBMISSION,,VOLCANIC_ROCK_VOUCHER_10250,SEASHELLS,26,5
37600,,,VOLCANIC_ROCK_VOUCHER_9750,SEASHELLS,382,15
37600,,,JAMS,SEASHELLS,6515,6
37600,,,VOLCANIC_ROCK_VOUCHER_9500,SEASHELLS,630,15
37600,,,VOLCANIC_ROCK_VOUCHER_10250,SEASHELLS,26,15
37600,,,VOLCANIC_ROCK_VOUCHER_10000,SEASHELLS,156,4
37600,,,VOLCANIC_ROCK_VOUCHER_10500,SEASHELLS,2,15
37600,,,VOLCANIC_ROCK_VOUCHER_9750,SEASHELLS,382,4
37600,,,VOLCANIC_ROCK_VOUCHER_9500,SEASHELLS,630,4
37700,,SUBMISSION,VOLCANIC_ROCK_VOUCHER_9750,SEASHELLS,385,16
37700,,SUBMISSION,VOLCANIC_ROCK_VOUCHER_9750,SEASHELLS,385,3
37700,,SUBMISSION,VOLCANIC_ROCK_VOUCHER_9750,SEASHELLS,385,1
37800,,,DJEMBES,SEASHELLS,13291,2
37800,,,SQUID_INK,SEASHELLS,1838,1
37900,,,SQUID_INK,SEASHELLS,1837,1
37900,SUBMISSION,,RAINFOREST_RESIN,SEASHELLS,9993,1
38000,SUBMISSION,,VOLCANIC_ROCK_VOUCHER_9750,SEASHELLS,386,1
38000,,,CROISSANTS,SEASHELLS,4237,7
38000,SUBMISSION,,VOLCANIC_ROCK_VOUCHER_9750,SEASHELLS,386,19
38200,,,VOLCANIC_ROCK,SEASHELLS,10137,9
38200,SUBMISSION,,VOLCANIC_ROCK_VOUCHER_10000,SEASHELLS,160,0
38200,SUBMISSION,,VOLCANIC_ROCK_VOUCHER_10000,SEASHELLS,160,1
38200,SUBMISSION,,VOLCANIC_ROCK_VOUCHER_10000,SEASHELLS,160,12
38300,,SUBMISSION,VOLCANIC_ROCK_VOUCHER_9500,SEASHELLS,640,0
38300,,SUBMISSION,VOLCANIC_ROCK_VOUCHER_9500,SEASHELLS,640,13
38300,,SUBMISSION,RAINFOREST_RESIN,SEASHELLS,10002,1
38300,,SUBMISSION,VOLCANIC_ROCK_VOUCHER_9500,SEASHELLS,640,1
38400,,,DJEMBES,SEASHELLS,13290,4
38400,,,SQUID_INK,SEASHELLS,1839,14
38400,,,VOLCANIC_ROCK,SEASHELLS,10140,5
38400,,,KELP,SEASHELLS,2040,14
38500,,,RAINFOREST_RESIN,SEASHELLS,10008,6
38500,SUBMISSION,,VOLCANIC_ROCK_VOUCHER_9500,SEASHELLS,640,18
38600,,,PICNIC_BASKET2,SEASHELLS,30073,1
38600,,,PICNIC_BASKET2,SEASHELLS,30072,6
38600,,SUBMISSION,VOLCANIC_ROCK_VOUCHER_9750,SEASHELLS,391,12
38600,,,PICNIC_BASKET1,SEASHELLS,58303,1
38600,,SUBMISSION,VOLCANIC_ROCK_VOUCHER_9750,SEASHELLS,391,0
38600,,SUBMISSION,VOLCANIC_ROCK_VOUCHER_9750,SEASHELLS,391,1
38900,,SUBMISSION,VOLCANIC_ROCK,SEASHELLS,10134,20
39000,,,SQUID_INK,SEASHELLS,1838,5
39000,SUBMISSION,,KELP,SEASHELLS,2038,3
39000,,,KELP,SEASHELLS,2038,2
39200,SUBMISSION,,VOLCANIC_ROCK_VOUCHER_9750,SEASHELLS,388,1
39200,SUBMISSION,,VOLCANIC_ROCK_VOUCHER_9750,SEASHELLS,388,0
39200,,,SQUID_INK,SEASHELLS,1837,1
39200,,,KELP,SEASHELLS,2038,1
39200,,,SQUID_INK,SEASHELLS,1838,5
39200,SUBMISSION,,VOLCANIC_ROCK_VOUCHER_9750,SEASHELLS,388,11
39200,,,KELP,SEASHELLS,2038,5
39300,,SUBMISSION,KELP,SEASHELLS,2040,1
39500,,,DJEMBES,SEASHELLS,13289,3
39500,,,KELP,SEASHELLS,2040,7
39600,,SUBMISSION,VOLCANIC_ROCK_VOUCHER_9750,SEASHELLS,383,14
39600,,SUBMISSION,VOLCANIC_ROCK_VOUCHER_9750,SEASHELLS,383,2
39600,,SUBMISSION,VOLCANIC_ROCK_VOUCHER_9750,SEASHELLS,383,0
39700,SUBMISSION,,VOLCANIC_ROCK_VOUCHER_9750,SEASHELLS,386,12
39700,,,SQUID_INK,SEASHELLS,1839,4
39700,,,KELP,SEASHELLS,2038,4
39700,SUBMISSION,,VOLCANIC_ROCK_VOUCHER_9750,SEASHELLS,386,0
39700,SUBMISSION,,VOLCANIC_ROCK_VOUCHER_9750,SEASHELLS,386,2
39800,,,KELP,SEASHELLS,2040,1
39800,,SUBMISSION,VOLCANIC_ROCK_VOUCHER_9750,SEASHELLS,386,19
39800,,,CROISSANTS,SEASHELLS,4240,6
39900,,,VOLCANIC_ROCK,SEASHELLS,10135,10
40000,SUBMISSION,,VOLCANIC_ROCK_VOUCHER_9750,SEASHELLS,388,1
40000,SUBMISSION,,VOLCANIC_ROCK_VOUCHER_9750,SEASHELLS,388,0
40000,SUBMISSION,,VOLCANIC_ROCK_VOUCHER_9750,SEASHELLS,388,19
40000,,,CROISSANTS,SEASHELLS,4238,8
40000,,,KELP,SEASHELLS,2041,1
40000,,,SQUID_INK,SEASHELLS,1842,1
40000,,,RAINFOREST_RESIN,SEASHELLS,10008,1
40400,SUBMISSION,,VOLCANIC_ROCK,SEASHELLS,10134,19
40400,,SUBMISSION,VOLCANIC_ROCK_VOUCHER_10000,SEASHELLS,158,11
40400,,,RAINFOREST_RESIN,SEASHELLS,10001,1
40400,,SUBMISSION,VOLCANIC_ROCK_VOUCHER_10000,SEASHELLS,158,9
40400,,,JAMS,SEASHELLS,6513,6
40600,,,VOLCANIC_ROCK_VOUCHER_9750,SEASHELLS,382,13
40600,,,VOLCANIC_ROCK_VOUCHER_9500,SEASHELLS,631,13
40600,SUBMISSION,,VOLCANIC_ROCK_VOUCHER_10000,SEASHELLS,154,15
40600,,,KELP,SEASHELLS,2036,1
40600,SUBMISSION,,VOLCANIC_ROCK_VOUCHER_10000,SEASHELLS,154,2
40600,,,VOLCANIC_ROCK_VOUCHER_10000,SEASHELLS,153,10
40600,,,SQUID_INK,SEASHELLS,1840,1
40600,SUBMISSION,,VOLCANIC_ROCK_VOUCHER_10000,SEASHELLS,154,3
40600,SUBMISSION,,VOLCANIC_ROCK_VOUCHER_10000,SEASHELLS,154,0
40700,,,KELP,SEASHELLS,2037,1
40700,,SUBMISSION,VOLCANIC_ROCK_VOUCHER_9500,SEASHELLS,631,11
40700,,,SQUID_INK,SEASHELLS,1839,1
40800,,SUBMISSION,VOLCANIC_ROCK_VOUCHER_9750,SEASHELLS,382,12
40800,,,JAMS,SEASHELLS,6515,5
40800,,SUBMISSION,VOLCANIC_ROCK_VOUCHER_9750,SEASHELLS,382,0
40800,,,KELP,SEASHELLS,2036,1
40800,,,SQUID_INK,SEASHELLS,1838,1
40800,,SUBMISSION,VOLCANIC_ROCK_VOUCHER_9750,SEASHELLS,382,2
40900,,,JAMS,SEASHELLS,6514,9
41000,,,SQUID_INK,SEASHELLS,1839,2
41000,,,KELP,SEASHELLS,2037,2
41000,,,RAINFOREST_RESIN,SEASHELLS,10002,4
41100,SUBMISSION,,VOLCANIC_ROCK_VOUCHER_9500,SEASHELLS,628,14
41100,,,JAMS,SEASHELLS,6514,9
41200,,,RAINFOREST_RESIN,SEASHELLS,10008,4
41200,SUBMISSION,,RAINFOREST_RESIN,SEASHELLS,9998,3
41200,,,VOLCANIC_ROCK,SEASHELLS,10126,3
41300,,,SQUID_INK,SEASHELLS,1842,1
41300,,,KELP,SEASHELLS,2038,1
41300,,,CROISSANTS,SEASHELLS,4237,7
41400,SUBMISSION,,VOLCANIC_ROCK_VOUCHER_9750,SEASHELLS,380,20
41400,SUBMISSION,,VOLCANIC_ROCK,SEASHELLS,10128,16
41500,,SUBMISSION,VOLCANIC_ROCK_VOUCHER_9750,SEASHELLS,379,17
41500,,SUBMISSION,VOLCANIC_ROCK_VOUCHER_10000,SEASHELLS,152,17
41500,,SUBMISSION,VOLCANIC_ROCK_VOUCHER_10000,SEASHELLS,152,1
41500,,SUBMISSION,VOLCANIC_ROCK_VOUCHER_9750,SEASHELLS,379,0
41500,,SUBMISSION,VOLCANIC_ROCK_VOUCHER_9750,SEASHELLS,379,1
41500,,SUBMISSION,VOLCANIC_ROCK_VOUCHER_10000,SEASHELLS,152,0
41600,,SUBMISSION,VOLCANIC_ROCK,SEASHELLS,10128,22
41700,SUBMISSION,,VOLCANIC_ROCK_VOUCHER_9750,SEASHELLS,380,10
41700,SUBMISSION,,VOLCANIC_ROCK_VOUCHER_10000,SEASHELLS,152,0
41700,SUBMISSION,,VOLCANIC_ROCK_VOUCHER_10000,SEASHELLS,152,1
41700,SUBMISSION,,VOLCANIC_ROCK_VOUCHER_9750,SEASHELLS,380,0
41700,SUBMISSION,,VOLCANIC_ROCK_VOUCHER_10000,SEASHELLS,152,10
41700,SUBMISSION,,VOLCANIC_ROCK_VOUCHER_9750,SEASHELLS,380,1
41800,SUBMISSION,,RAINFOREST_RESIN,SEASHELLS,9993,10
41800,SUBMISSION,,RAINFOREST_RESIN,SEASHELLS,9999,1
41900,,SUBMISSION,VOLCANIC_ROCK,SEASHELLS,10130,22
42000,,,VOLCANIC_ROCK,SEASHELLS,10134,7
42000,SUBMISSION,,RAINFOREST_RESIN,SEASHELLS,9993,6
42100,,,VOLCANIC_ROCK_VOUCHER_10000,SEASHELLS,156,2
42100,,,VOLCANIC_ROCK_VOUCHER_10500,SEASHELLS,2,13
42100,SUBMISSION,,VOLCANIC_ROCK_VOUCHER_10250,SEASHELLS,27,3
42100,,,VOLCANIC_ROCK_VOUCHER_9750,SEASHELLS,385,13
42100,SUBMISSION,,VOLCANIC_ROCK_VOUCHER_10000,SEASHELLS,156,3
42100,,,VOLCANIC_ROCK_VOUCHER_9500,SEASHELLS,633,2
42100,,,VOLCANIC_ROCK_VOUCHER_10250,SEASHELLS,27,13
42100,,,VOLCANIC_ROCK_VOUCHER_10000,SEASHELLS,156,13
42100,,,VOLCANIC_ROCK_VOUCHER_9750,SEASHELLS,385,2
42100,SUBMISSION,,VOLCANIC_ROCK_VOUCHER_9500,SEASHELLS,633,3
42100,,,CROISSANTS,SEASHELLS,4237,8
42100,,,VOLCANIC_ROCK_VOUCHER_10500,SEASHELLS,2,2
42100,SUBMISSION,,VOLCANIC_ROCK_VOUCHER_9750,SEASHELLS,385,3
42100,,,VOLCANIC_ROCK_VOUCHER_9500,SEASHELLS,633,13
42100,SUBMISSION,,VOLCANIC_ROCK_VOUCHER_10500,SEASHELLS,2,3
42100,,,VOLCANIC_ROCK_VOUCHER_10250,SEASHELLS,27,2
42200,,,KELP,SEASHELLS,2036,1
42300,,SUBMISSION,VOLCANIC_ROCK_VOUCHER_10000,SEASHELLS,156,12
42400,SUBMISSION,,VOLCANIC_ROCK_VOUCHER_10000,SEASHELLS,154,1
42400,SUBMISSION,,RAINFOREST_RESIN,SEASHELLS,9997,8
42400,,,DJEMBES,SEASHELLS,13286,2
42400,SUBMISSION,,VOLCANIC_ROCK_VOUCHER_10000,SEASHELLS,154,10
42400,SUBMISSION,,VOLCANIC_ROCK_VOUCHER_10000,SEASHELLS,154,0
42500,,SUBMISSION,RAINFOREST_RESIN,SEASHELLS,10007,7
42500,,,PICNIC_BASKET1,SEASHELLS,58304,6
42500,,,PICNIC_BASKET2,SEASHELLS,30069,6
42600,,,KELP,SEASHELLS,2036,1
42600,,,SQUID_INK,SEASHELLS,1841,1
42600,,,JAMS,SEASHELLS,6516,8
42600,,,DJEMBES,SEASHELLS,13289,3
42700,,,JAMS,SEASHELLS,6514,4
42800,,,KELP,SEASHELLS,2037,3
42800,,,CROISSANTS,SEASHELLS,4236,7
42800,,,SQUID_INK,SEASHELLS,1842,3
43000,,,VOLCANIC_ROCK_VOUCHER_10250,SEASHELLS,26,1
43000,SUBMISSION,,VOLCANIC_ROCK_VOUCHER_9500,SEASHELLS,633,5
43000,SUBMISSION,,VOLCANIC_ROCK_VOUCHER_9750,SEASHELLS,384,5
43000,,,VOLCANIC_ROCK_VOUCHER_9500,SEASHELLS,634,11
43000,,,VOLCANIC_ROCK_VOUCHER_9500,SEASHELLS,633,11
43000,SUBMISSION,,VOLCANIC_ROCK_VOUCHER_10500,SEASHELLS,2,5
43000,,,VOLCANIC_ROCK_VOUCHER_10250,SEASHELLS,27,1
43000,,,VOLCANIC_ROCK_VOUCHER_10000,SEASHELLS,157,11
43000,SUBMISSION,,VOLCANIC_ROCK_VOUCHER_10250,SEASHELLS,26,5
43000,,,VOLCANIC_ROCK_VOUCHER_10000,SEASHELLS,157,1
43000,,,VOLCANIC_ROCK_VOUCHER_10000,SEASHELLS,157,5
43000,,,VOLCANIC_ROCK_VOUCHER_10250,SEASHELLS,27,11
43000,,,VOLCANIC_ROCK_VOUCHER_10250,SEASHELLS,26,11
43000,,,VOLCANIC_ROCK_VOUCHER_9500,SEASHELLS,634,1
43000,,,VOLCANIC_ROCK_VOUCHER_9500,SEASHELLS,633,1
43000,,,VOLCANIC_ROCK_VOUCHER_10500,SEASHELLS,2,11
43000,,,VOLCANIC_ROCK_VOUCHER_9750,SEASHELLS,384,1
43000,,,VOLCANIC_ROCK_VOUCHER_9750,SEASHELLS,385,11
43000,,,VOLCANIC_ROCK_VOUCHER_9750,SEASHELLS,384,11
43000,,,VOLCANIC_ROCK_VOUCHER_10500,SEASHELLS,2,1
43000,,,VOLCANIC_ROCK_VOUCHER_9750,SEASHELLS,385,1
43100,,,CROISSANTS,SEASHELLS,4236,9
43200,,,VOLCANIC_ROCK,SEASHELLS,10130,7
43300,,,CROISSANTS,SEASHELLS,4236,9
43400,,SUBMISSION,VOLCANIC_ROCK_VOUCHER_10000,SEASHELLS,156,2
43400,,SUBMISSION,VOLCANIC_ROCK_VOUCHER_10000,SEASHELLS,156,0
43400,,,VOLCANIC_ROCK_VOUCHER_9500,SEASHELLS,632,15
43400,,,KELP,SEASHELLS,2040,2
43400,,,SQUID_INK,SEASHELLS,1845,2
43400,,,VOLCANIC_ROCK_VOUCHER_9750,SEASHELLS,383,15
43400,,SUBMISSION,VOLCANIC_ROCK_VOUCHER_10000,SEASHELLS,156,17
43500,,SUBMISSION,VOLCANIC_ROCK_VOUCHER_9750,SEASHELLS,384,13
43500,,,SQUID_INK,SEASHELLS,1844,1
43500,,,KELP,SEASHELLS,2039,1
43500,SUBMISSION,,VOLCANIC_ROCK_VOUCHER_10000,SEASHELLS,154,13
43600,,,SQUID_INK,SEASHELLS,1843,6
43600,,,KELP,SEASHELLS,2039,6
43700,,,KELP,SEASHELLS,2039,3
43700,,SUBMISSION,RAINFOREST_RESIN,SEASHELLS,10007,6
43700,,,SQUID_INK,SEASHELLS,1844,3
43800,,SUBMISSION,RAINFOREST_RESIN,SEASHELLS,10007,4
43800,,,KELP,SEASHELLS,2037,1
43900,SUBMISSION,,VOLCANIC_ROCK_VOUCHER_9750,SEASHELLS,386,0
43900,SUBMISSION,,VOLCANIC_ROCK_VOUCHER_9750,SEASHELLS,386,2
43900,SUBMISSION,,VOLCANIC_ROCK_VOUCHER_9750,SEASHELLS,386,18
44000,,,SQUID_INK,SEASHELLS,1845,1
44000,SUBMISSION,,VOLCANIC_ROCK,SEASHELLS,10133,9
44000,,SUBMISSION,VOLCANIC_ROCK_VOUCHER_9750,SEASHELLS,385,2
44000,SUBMISSION,,RAINFOREST_RESIN,SEASHELLS,9999,1
44000,,SUBMISSION,VOLCANIC_ROCK_VOUCHER_9750,SEASHELLS,385,0
44000,,,KELP,SEASHELLS,2039,1
44000,,SUBMISSION,VOLCANIC_ROCK_VOUCHER_9750,SEASHELLS,385,13
44100,,SUBMISSION,VOLCANIC_ROCK,SEASHELLS,10130,14
44200,,SUBMISSION,VOLCANIC_ROCK_VOUCHER_10000,SEASHELLS,160,2
44200,,SUBMISSION,VOLCANIC_ROCK_VOUCHER_10000,SEASHELLS,160,0
44200,,SUBMISSION,VOLCANIC_ROCK_VOUCHER_10000,SEASHELLS,160,16
44300,,SUBMISSION,VOLCANIC_ROCK_VOUCHER_10000,SEASHELLS,158,11
44400,,,VOLCANIC_ROCK_VOUCHER_10000,SEASHELLS,161,1
44400,,,VOLCANIC_ROCK_VOUCHER_9750,SEASHELLS,391,12
44400,,,VOLCANIC_ROCK_VOUCHER_10500,SEASHELLS,2,12
44400,SUBMISSION,,VOLCANIC_ROCK_VOUCHER_10500,SEASHELLS,3,12
44400,,,VOLCANIC_ROCK_VOUCHER_9500,SEASHELLS,639,1
44400,SUBMISSION,,VOLCANIC_ROCK_VOUCHER_10500,SEASHELLS,3,0
44400,,,DJEMBES,SEASHELLS,13292,3
44400,,,VOLCANIC_ROCK_VOUCHER_10250,SEASHELLS,28,12
44400,,,VOLCANIC_ROCK_VOUCHER_10000,SEASHELLS,161,12
44400,SUBMISSION,,RAINFOREST_RESIN,SEASHELLS,9998,4
44400,,,VOLCANIC_ROCK_VOUCHER_10500,SEASHELLS,2,1
44400,,,VOLCANIC_ROCK_VOUCHER_9750,SEASHELLS,391,1
44400,SUBMISSION,,VOLCANIC_ROCK_VOUCHER_10500,SEASHELLS,3,1
44400,,,VOLCANIC_ROCK_VOUCHER_9500,SEASHELLS,639,12
44400,SUBMISSION,,VOLCANIC_ROCK,SEASHELLS,10140,40
44400,,,VOLCANIC_ROCK_VOUCHER_10250,SEASHELLS,28,1
44500,SUBMISSION,,VOLCANIC_ROCK_VOUCHER_10000,SEASHELLS,162,1
44500,SUBMISSION,,VOLCANIC_ROCK_VOUCHER_10000,SEASHELLS,162,0
44500,SUBMISSION,,VOLCANIC_ROCK_VOUCHER_10000,SEASHELLS,162,18
44600,,,VOLCANIC_ROCK_VOUCHER_10000,SEASHELLS,164,12
44600,SUBMISSION,,VOLCANIC_ROCK_VOUCHER_9500,SEASHELLS,642,1
44600,SUBMISSION,,VOLCANIC_ROCK_VOUCHER_9750,SEASHELLS,394,1
44600,SUBMISSION,,VOLCANIC_ROCK_VOUCHER_10500,SEASHELLS,2,1
44600,,,VOLCANIC_ROCK_VOUCHER_10250,SEASHELLS,29,12
44600,,,DJEMBES,SEASHELLS,13291,3
44600,SUBMISSION,,VOLCANIC_ROCK_VOUCHER_10250,SEASHELLS,29,1
44600,,,JAMS,SEASHELLS,6516,5
44600,,,VOLCANIC_ROCK_VOUCHER_9750,SEASHELLS,394,12
44600,,,KELP,SEASHELLS,2039,1
44600,,,VOLCANIC_ROCK_VOUCHER_10500,SEASHELLS,2,12
44600,,,SQUID_INK,SEASHELLS,1843,1
44600,,,VOLCANIC_ROCK_VOUCHER_9500,SEASHELLS,642,12
44700,,,JAMS,SEASHELLS,6515,6
44800,SUBMISSION,,VOLCANIC_ROCK_VOUCHER_10250,SEASHELLS,31,2
44800,,,VOLCANIC_ROCK_VOUCHER_9750,SEASHELLS,400,10
44800,SUBMISSION,,VOLCANIC_ROCK_VOUCHER_10500,SEASHELLS,3,10
44800,,,VOLCANIC_ROCK_VOUCHER_10000,SEASHELLS,170,2
44800,,,VOLCANIC_ROCK_VOUCHER_10500,SEASHELLS,2,10
44800,,,VOLCANIC_ROCK_VOUCHER_10250,SEASHELLS,30,10
44800,,,VOLCANIC_ROCK_VOUCHER_10000,SEASHELLS,170,10
44800,,,VOLCANIC_ROCK_VOUCHER_9500,SEASHELLS,649,2
44800,,,VOLCANIC_ROCK_VOUCHER_10500,SEASHELLS,2,2
44800,,,VOLCANIC_ROCK_VOUCHER_9750,SEASHELLS,400,2
44800,SUBMISSION,,VOLCANIC_ROCK_VOUCHER_10500,SEASHELLS,3,0
44800,SUBMISSION,,VOLCANIC_ROCK_VOUCHER_10500,SEASHELLS,3,2
44800,,,DJEMBES,SEASHELLS,13293,5
44800,SUBMISSION,,VOLCANIC_ROCK_VOUCHER_10250,SEASHELLS,31,10
44800,,,VOLCANIC_ROCK_VOUCHER_10250,SEASHELLS,30,2
44800,,,VOLCANIC_ROCK_VOUCHER_9500,SEASHELLS,649,10
44800,SUBMISSION,,VOLCANIC_ROCK_VOUCHER_10250,SEASHELLS,31,0
44900,,SUBMISSION,VOLCANIC_ROCK_VOUCHER_9750,SEASHELLS,398,2
45000,,SUBMISSION,VOLCANIC_ROCK_VOUCHER_9750,SEASHELLS,398,14
45000,,,SQUID_INK,SEASHELLS,1842,2
45000,,,KELP,SEASHELLS,2036,2
45000,SUBMISSION,,VOLCANIC_ROCK_VOUCHER_10000,SEASHELLS,166,14
45100,,,CROISSANTS,SEASHELLS,4236,6
45100,SUBMISSION,,VOLCANIC_ROCK,SEASHELLS,10144,38
45100,,SUBMISSION,VOLCANIC_ROCK_VOUCHER_9500,SEASHELLS,644,1
45100,,SUBMISSION,VOLCANIC_ROCK_VOUCHER_9500,SEASHELLS,644,17
45100,,SUBMISSION,VOLCANIC_ROCK_VOUCHER_9500,SEASHELLS,644,0
45200,SUBMISSION,,VOLCANIC_ROCK_VOUCHER_9750,SEASHELLS,394,2
45200,,SUBMISSION,VOLCANIC_ROCK_VOUCHER_9500,SEASHELLS,642,0
45200,,SUBMISSION,VOLCANIC_ROCK_VOUCHER_9500,SEASHELLS,642,15
45200,,,CROISSANTS,SEASHELLS,4236,6
45200,SUBMISSION,,VOLCANIC_ROCK_VOUCHER_9750,SEASHELLS,394,15
45200,SUBMISSION,,VOLCANIC_ROCK_VOUCHER_9750,SEASHELLS,394,0
45200,,SUBMISSION,VOLCANIC_ROCK_VOUCHER_9500,SEASHELLS,642,2
45300,,SUBMISSION,VOLCANIC_ROCK_VOUCHER_10000,SEASHELLS,161,2
45300,,,JAMS,SEASHELLS,6517,4
45300,,SUBMISSION,RAINFOREST_RESIN,SEASHELLS,10002,5
45300,,SUBMISSION,VOLCANIC_ROCK_VOUCHER_10000,SEASHELLS,161,15
45300,,SUBMISSION,VOLCANIC_ROCK_VOUCHER_10000,SEASHELLS,161,0
45400,,SUBMISSION,VOLCANIC_ROCK_VOUCHER_10000,SEASHELLS,160,0
45400,SUBMISSION,,VOLCANIC_ROCK_VOUCHER_9500,SEASHELLS,638,0
45400,,SUBMISSION,VOLCANIC_ROCK_VOUCHER_10000,SEASHELLS,160,2
45400,SUBMISSION,,VOLCANIC_ROCK_VOUCHER_9500,SEASHELLS,638,2
45400,,,KELP,SEASHELLS,2039,2
45400,,SUBMISSION,VOLCANIC_ROCK_VOUCHER_10250,SEASHELLS,28,2
45400,,SUBMISSION,VOLCANIC_ROCK_VOUCHER_10000,SEASHELLS,160,13
45400,SUBMISSION,,VOLCANIC_ROCK_VOUCHER_9500,SEASHELLS,638,13
45400,,,SQUID_INK,SEASHELLS,1847,2
45400,,SUBMISSION,VOLCANIC_ROCK_VOUCHER_10250,SEASHELLS,28,0
45400,,SUBMISSION,VOLCANIC_ROCK_VOUCHER_10250,SEASHELLS,28,13
45500,,,PICNIC_BASKET1,SEASHELLS,58293,10
45500,,,KELP,SEASHELLS,2036,1
45500,,,SQUID_INK,SEASHELLS,1844,1
45500,,,PICNIC_BASKET2,SEASHELLS,30064,10
45500,,,JAMS,SEASHELLS,6517,6
45600,,,SQUID_INK,SEASHELLS,1846,1
45600,,SUBMISSION,VOLCANIC_ROCK_VOUCHER_10000,SEASHELLS,158,0
45600,SUBMISSION,,RAINFOREST_RESIN,SEASHELLS,9999,1
45600,,SUBMISSION,VOLCANIC_ROCK_VOUCHER_10000,SEASHELLS,158,1
45600,,SUBMISSION,VOLCANIC_ROCK_VOUCHER_10000,SEASHELLS,158,18
45600,,,KELP,SEASHELLS,2038,1
45700,,,VOLCANIC_ROCK_VOUCHER_10000,SEASHELLS,153,17
45700,SUBMISSION,,VOLCANIC_ROCK_VOUCHER_9500,SEASHELLS,630,2
45700,,,VOLCANIC_ROCK_VOUCHER_10250,SEASHELLS,26,1
45700,,SUBMISSION,RAINFOREST_RESIN,SEASHELLS,10001,1
45700,SUBMISSION,,VOLCANIC_ROCK_VOUCHER_10000,SEASHELLS,153,2
45700,,,VOLCANIC_ROCK_VOUCHER_10000,SEASHELLS,153,1
45700,,,VOLCANIC_ROCK_VOUCHER_9750,SEASHELLS,382,17
45700,,,VOLCANIC_ROCK_VOUCHER_9500,SEASHELLS,630,17
45700,SUBMISSION,,VOLCANIC_ROCK_VOUCHER_10250,SEASHELLS,26,2
45700,,,VOLCANIC_ROCK_VOUCHER_9500,SEASHELLS,630,1
45700,,,VOLCANIC_ROCK_VOUCHER_9750,SEASHELLS,382,1
45700,,,VOLCANIC_ROCK_VOUCHER_10250,SEASHELLS,26,17
45700,,,VOLCANIC_ROCK_VOUCHER_10500,SEASHELLS,2,1
45700,SUBMISSION,,VOLCANIC_ROCK_VOUCHER_10500,SEASHELLS,2,2
45700,,,VOLCANIC_ROCK_VOUCHER_10500,SEASHELLS,2,17
45700,SUBMISSION,,VOLCANIC_ROCK_VOUCHER_9750,SEASHELLS,382,2
45800,,SUBMISSION,VOLCANIC_ROCK_VOUCHER_10000,SEASHELLS,156,16
45800,,SUBMISSION,VOLCANIC_ROCK_VOUCHER_10000,SEASHELLS,156,2
45900,,,PICNIC_BASKET1,SEASHELLS,58304,6
45900,,,PICNIC_BASKET2,SEASHELLS,30067,8
45900,,,PICNIC_BASKET1,SEASHELLS,58305,2
46000,SUBMISSION,,RAINFOREST_RESIN,SEASHELLS,9999,1
46000,,SUBMISSION,VOLCANIC_ROCK,SEASHELLS,10132,18
46000,,,CROISSANTS,SEASHELLS,4236,7
46100,,,VOLCANIC_ROCK_VOUCHER_10500,SEASHELLS,2,2
46100,,,VOLCANIC_ROCK_VOUCHER_9500,SEASHELLS,630,11
46100,,,VOLCANIC_ROCK_VOUCHER_9750,SEASHELLS,382,2
46100,,,VOLCANIC_ROCK_VOUCHER_9500,SEASHELLS,630,2
46100,,,VOLCANIC_ROCK_VOUCHER_10000,SEASHELLS,154,11
46100,,,VOLCANIC_ROCK_VOUCHER_10000,SEASHELLS,154,2
46100,,,VOLCANIC_ROCK_VOUCHER_10250,SEASHELLS,26,11
46100,,,VOLCANIC_ROCK_VOUCHER_10500,SEASHELLS,2,11
46100,,,VOLCANIC_ROCK_VOUCHER_10250,SEASHELLS,26,2
46100,,,VOLCANIC_ROCK_VOUCHER_9750,SEASHELLS,382,11
46200,SUBMISSION,,RAINFOREST_RESIN,SEASHELLS,9993,2
46200,,,DJEMBES,SEASHELLS,13291,2
46300,,SUBMISSION,VOLCANIC_ROCK_VOUCHER_9750,SEASHELLS,387,0
46300,,SUBMISSION,VOLCANIC_ROCK_VOUCHER_9750,SEASHELLS,387,2
46300,,SUBMISSION,VOLCANIC_ROCK_VOUCHER_9750,SEASHELLS,387,16
46400,,,VOLCANIC_ROCK_VOUCHER_9500,SEASHELLS,636,12
46400,,,VOLCANIC_ROCK_VOUCHER_9750,SEASHELLS,387,12
46400,,,VOLCANIC_ROCK_VOUCHER_10000,SEASHELLS,159,12
46500,SUBMISSION,,RAINFOREST_RESIN,SEASHELLS,9998,5
46600,,,VOLCANIC_ROCK_VOUCHER_9750,SEASHELLS,391,16
46600,,,VOLCANIC_ROCK,SEASHELLS,10138,5
46600,,,DJEMBES,SEASHELLS,13292,4
46600,,SUBMISSION,RAINFOREST_RESIN,SEASHELLS,10002,3
46600,,,VOLCANIC_ROCK_VOUCHER_10000,SEASHELLS,162,16
46600,,,VOLCANIC_ROCK_VOUCHER_9500,SEASHELLS,640,16
46700,,,VOLCANIC_ROCK,SEASHELLS,10136,10
47000,SUBMISSION,,VOLCANIC_ROCK_VOUCHER_9750,SEASHELLS,390,2
47000,SUBMISSION,,VOLCANIC_ROCK_VOUCHER_9750,SEASHELLS,390,0
47000,SUBMISSION,,RAINFOREST_RESIN,SEASHELLS,9999,1
47000,SUBMISSION,,VOLCANIC_ROCK_VOUCHER_9750,SEASHELLS,390,16
47300,SUBMISSION,,RAINFOREST_RESIN,SEASHELLS,9993,4
47300,,,SQUID_INK,SEASHELLS,1844,1
47300,,,KELP,SEASHELLS,2036,1
47400,,,VOLCANIC_ROCK,SEASHELLS,10138,7
47400,,,KELP,SEASHELLS,2036,8
47400,,,KELP,SEASHELLS,2039,14
47400,,,SQUID_INK,SEASHELLS,1845,8
47400,,,SQUID_INK,SEASHELLS,1848,14
47500,SUBMISSION,,VOLCANIC_ROCK_VOUCHER_10000,SEASHELLS,156,15
47500,SUBMISSION,,VOLCANIC_ROCK_VOUCHER_10000,SEASHELLS,156,0
47500,SUBMISSION,,VOLCANIC_ROCK_VOUCHER_10000,SEASHELLS,156,1
47600,SUBMISSION,,VOLCANIC_ROCK,SEASHELLS,10138,40
47600,,SUBMISSION,VOLCANIC_ROCK_VOUCHER_9750,SEASHELLS,390,1
47600,,SUBMISSION,VOLCANIC_ROCK_VOUCHER_9750,SEASHELLS,390,0
47600,,SUBMISSION,VOLCANIC_ROCK_VOUCHER_9750,SEASHELLS,390,13
47700,,SUBMISSION,VOLCANIC_ROCK_VOUCHER_9750,SEASHELLS,392,14
47700,,SUBMISSION,VOLCANIC_ROCK_VOUCHER_9750,SEASHELLS,392,0
47700,,SUBMISSION,VOLCANIC_ROCK_VOUCHER_9750,SEASHELLS,392,2
47800,SUBMISSION,,VOLCANIC_ROCK_VOUCHER_10000,SEASHELLS,160,0
47800,SUBMISSION,,VOLCANIC_ROCK_VOUCHER_10000,SEASHELLS,160,1
47800,SUBMISSION,,VOLCANIC_ROCK_VOUCHER_10000,SEASHELLS,160,14
47800,,SUBMISSION,RAINFOREST_RESIN,SEASHELLS,10001,1
47900,,,SQUID_INK,SEASHELLS,1850,10
47900,,,KELP,SEASHELLS,2039,10
48000,,,SQUID_INK,SEASHELLS,1848,5
48000,,,KELP,SEASHELLS,2038,5
48100,SUBMISSION,,VOLCANIC_ROCK_VOUCHER_10000,SEASHELLS,160,2
48100,SUBMISSION,,VOLCANIC_ROCK_VOUCHER_10000,SEASHELLS,160,13
48100,SUBMISSION,,VOLCANIC_ROCK_VOUCHER_10000,SEASHELLS,160,0
48100,,,VOLCANIC_ROCK,SEASHELLS,10140,3
48100,,SUBMISSION,VOLCANIC_ROCK,SEASHELLS,10139,35
48200,,SUBMISSION,VOLCANIC_ROCK_VOUCHER_9750,SEASHELLS,392,16
48300,SUBMISSION,,VOLCANIC_ROCK_VOUCHER_10000,SEASHELLS,162,13
48300,SUBMISSION,,VOLCANIC_ROCK_VOUCHER_10000,SEASHELLS,162,0
48300,SUBMISSION,,VOLCANIC_ROCK_VOUCHER_10000,SEASHELLS,162,1
48400,SUBMISSION,,VOLCANIC_ROCK_VOUCHER_10000,SEASHELLS,166,11
48400,,,KELP,SEASHELLS,2039,6
48400,,,SQUID_INK,SEASHELLS,1847,6
48400,,,DJEMBES,SEASHELLS,13294,2
48500,,,CROISSANTS,SEASHELLS,4236,6
48600,,SUBMISSION,RAINFOREST_RESIN,SEASHELLS,10007,9
48600,,,SQUID_INK,SEASHELLS,1844,1
48600,SUBMISSION,,VOLCANIC_ROCK_VOUCHER_9750,SEASHELLS,396,1
48600,,,KELP,SEASHELLS,2037,1
48600,SUBMISSION,,VOLCANIC_ROCK_VOUCHER_9750,SEASHELLS,396,18
48600,SUBMISSION,,VOLCANIC_ROCK_VOUCHER_9750,SEASHELLS,396,0
48600,,SUBMISSION,RAINFOREST_RESIN,SEASHELLS,10001,1
48700,,,SQUID_INK,SEASHELLS,1843,1
48700,SUBMISSION,,VOLCANIC_ROCK_VOUCHER_9750,SEASHELLS,396,0
48700,,SUBMISSION,VOLCANIC_ROCK,SEASHELLS,10144,30
48700,,SUBMISSION,VOLCANIC_ROCK,SEASHELLS,10144,5
48700,SUBMISSION,,VOLCANIC_ROCK_VOUCHER_9750,SEASHELLS,396,10
48700,,,KELP,SEASHELLS,2036,1
48700,SUBMISSION,,VOLCANIC_ROCK_VOUCHER_9750,SEASHELLS,396,1
48800,,,KELP,SEASHELLS,2038,1
48800,,,SQUID_INK,SEASHELLS,1845,1
48900,,,CROISSANTS,SEASHELLS,4236,5
49000,SUBMISSION,,VOLCANIC_ROCK_VOUCHER_9750,SEASHELLS,396,1
49000,,,JAMS,SEASHELLS,6519,9
49000,SUBMISSION,,RAINFOREST_RESIN,SEASHELLS,9993,7
49000,SUBMISSION,,VOLCANIC_ROCK_VOUCHER_9750,SEASHELLS,396,12
49000,SUBMISSION,,VOLCANIC_ROCK_VOUCHER_9750,SEASHELLS,396,0
49100,,,JAMS,SEASHELLS,6518,9
49100,SUBMISSION,,KELP,SEASHELLS,2036,5
49200,,SUBMISSION,VOLCANIC_ROCK_VOUCHER_9500,SEASHELLS,650,14
49200,SUBMISSION,,RAINFOREST_RESIN,SEASHELLS,9999,1
49200,,SUBMISSION,VOLCANIC_ROCK_VOUCHER_9500,SEASHELLS,650,2
49200,,SUBMISSION,VOLCANIC_ROCK_VOUCHER_9500,SEASHELLS,650,0
49300,,SUBMISSION,RAINFOREST_RESIN,SEASHELLS,10003,11
49300,,,VOLCANIC_ROCK_VOUCHER_10250,SEASHELLS,32,12
49300,,SUBMISSION,VOLCANIC_ROCK_VOUCHER_9500,SEASHELLS,652,2
49300,,,JAMS,SEASHELLS,6518,12
49300,,,VOLCANIC_ROCK_VOUCHER_9750,SEASHELLS,404,12
49300,,SUBMISSION,VOLCANIC_ROCK_VOUCHER_9500,SEASHELLS,652,0
49300,,SUBMISSION,VOLCANIC_ROCK_VOUCHER_9500,SEASHELLS,652,16
49300,,,VOLCANIC_ROCK_VOUCHER_10000,SEASHELLS,172,12
49400,SUBMISSION,,RAINFOREST_RESIN,SEASHELLS,9999,1
49500,,SUBMISSION,RAINFOREST_RESIN,SEASHELLS,10001,1
49600,,,VOLCANIC_ROCK_VOUCHER_9500,SEASHELLS,655,1
49600,SUBMISSION,,VOLCANIC_ROCK_VOUCHER_10000,SEASHELLS,173,2
